2436 3151
1176 114 1240 167 Μ

258 256 498 293 inclarescere
521 256 733 302 coepitrsub
754 255 966 293 Domitiano
976 258 993 304 ς’
1016 257 1179 293 multum'
1196 266 1290 291 vero
1304 255 1421 290 'auxit
1442 254 1604 290 nominis
1636 255 1741 293 decus
1771 257 1837 293 sub
1859 257 1990 295 Nerva
2025 262 2062 293 et
2087 258 2177 293 Tra-

258 339 361 384 iano,
385 336 658 385 perillustriam
675 338 852 374 'virorum
877 337 1132 374 Romanorum·
1150 342 1186 373 et
1211 335 1433 371 Graecorum
1463 336 1560 371 vitis
1584 336 1767 382 perfectis.
1818 338 1911 374 Nam
1945 350 2025 373 cum
2053 350 2179 384 regum

256 422 294 455 et
319 419 578 464 imperatorum
602 416 897 464 apophthegmata
923 417 1080 460 Traiano
1102 416 1264 454 dedicata
1288 416 1555 454 conscriberet,
1593 416 1693 451 vitae
1725 418 1939 464 parallelae,
1977 419 2044 454 hoc
2074 432 2179 465 prae-

256 495 499 534 clarissimum
522 502 627 544 atque
652 496 963 542 elegantissimum
990 496 1177 532 Plutarchi
1204 507 1317 543 opus,
1357 497 1425 539 jam
1454 497 1490 531 in
1515 496 1634 531 lucem
1659 497 1775 531 editae
1802 504 1923 544 erant,
1960 504 2001 534 ut
2032 505 2180 545 apparet

254 590 301 614 ex
327 578 663 624 apophthegmatum
689 578 903 622 prooemio,
944 578 1140 614 Plutarcho
1166 578 1338 613 dicente:
1376 590 1459 612 sane
1492 579 1601 613 etiam
1627 581 1727 614 vitas
1755 579 1860 613 habet
1895 592 1983 625 opus
2012 586 2179 615 nostrum

255 657 298 693 de
323 657 433 692 claris
458 657 551 703 apud
580 656 763 693 Romanos
800 662 834 692 et
870 657 1030 695 Graecos
1068 659 1244 703 ducibus,
1285 657 1588 703 legumlatoribus
1628 664 1662 693 et
1697 660 1988 705 imperatoribus.
2039 660 2180 696 Verum

253 738 447 784 pleraeque
473 737 637 774 actiones
660 738 857 774 admixtam
881 738 1013 774 hahent
1038 739 1247 774 fortunam:
1283 750 1372 785 quae
1401 751 1495 776 vero
1534 740 1634 774 inter
1665 740 1839 786 agendum
1876 740 2040 786 interque
2065 741 2180 775 animi

254 820 464 855 affectiones
490 824 527 853 et
559 825 687 853 eventa
714 819 954 865 proferuntur
975 831 1084 855 voces
1112 826 1218 866 atque
1244 823 1485 865 pronunciata
1501 847 1511 866 ,
1539 831 1630 867 pure
1653 825 1833 867 tamquam
1860 820 1900 855 in
1924 820 2081 866 speculis
2099 832 2181 856 con-

253 901 497 947 templandum
517 902 801 946 uniuscujusque
824 901 939 936 animi
961 914 1105 936 sensum
1128 908 1348 946 proponunt.

394 997 620 1044 Vespasiano
652 996 852 1043 imperante
876 998 1008 1034 Romae
1034 1003 1195 1033 moratus
1220 1004 1273 1033 est
1297 998 1515 1034 Plutarchus
1553 999 1677 1044 ibique
1710 997 1888 1035 lectiones
1911 998 2181 1045 philosophicas

252 1078 388 1114 habuit.
436 1077 670 1112 Eruditionis
697 1076 915 1119 et'justitiae
941 1077 1036 1115 fama
1061 1078 1112 1113 ita
1139 1077 1333 1123 excelluit,
1359 1083 1400 1112 ut
1425 1077 1767 1114 controversiarum
1785 1078 1977 1113 arbitrium
2007 1078 2041 1112 ei
2068 1076 2180 1113 offer-

252 1164 379 1203 retur,
404 1158 499 1203 quod
525 1158 720 1203 aliquando
746 1157 882 1196 Romae
906 1160 1108 1204 suscepisse
1134 1162 1234 1194 inter
1260 1158 1349 1192 duos
1375 1158 1507 1192 fratres
1526 1164 1651 1192 narrat
1666 1157 1738 1202 62),
1763 1170 1916 1204 quorum
1944 1158 2037 1192 alter
2055 1157 2177 1205 philo-

252 1239 398 1285 sophiae
422 1250 568 1284 operam
593 1245 784 1283 navasset,
810 1245 966 1274 attamen
994 1240 1122 1274 fratris
1152 1245 1189 1273 et
1213 1239 1426 1299 philosophi
1454 1241 1600 1273 nomine
1626 1240 1798 1284 indignus
1824 1240 1965 1275 fuisset.

394 1318 545 1367 Repleta
568 1330 709 1365 semper
734 1325 811 1355 erat
837 1320 969 1356 Romae
991 1319 1181 1355 Plutarchi
1215 1320 1341 1355 domus
1374 1321 1472 1355 viris
1503 1320 1748 1355 nobilissimis
1774 1333 1815 1355 ac
1852 1319 2181 1366 praeclarissimis,

252 1402 329 1443 ejus
354 1399 524 1435 audiendi
539 1399 692 1445 cupidis.
732 1399 802 1435 His
828 1401 923 1435 enim
939 1400 1164 1446 temporibus
1185 1399 1256 1446 ipsi
1285 1402 1527 1445 imperatores
1551 1412 1687 1435 summa
1713 1413 1819 1447 opera
1839 1401 2031 1436 studebant
2059 1399 2181 1435 literis

252 1487 288 1516 et
312 1480 486 1515 favebant
505 1492 719 1525 magnorum
747 1480 1046 1526 philosophorum
1080 1487 1116 1515 et
1138 1480 1409 1525 perillustrium
1436 1481 1624 1516 rhetorum
1654 1481 1884 1517 lectionibus,
1936 1482 2052 1525 Quam
2089 1479 2179 1514 dili-

251 1567 380 1609 genter
402 1572 444 1596 ac
467 1565 615 1596 strenue
637 1559 829 1596 Plutarchi
854 1560 1031 1597 lectiones
1060 1560 1204 1595 auditae
1229 1560 1329 1604 sint,
1374 1572 1419 1596 ex
1454 1561 1503 1595 iis
1538 1567 1705 1606 apparet,
1740 1574 1829 1607 quae
1854 1561 2073 1596 Plutarchus
2103 1563 2180 1605 ipse

252 1645 379 1676 narrat
404 1640 442 1675 in
470 1639 558 1674 libr.
587 1639 632 1674 de
656 1640 871 1675 curiositate
896 1651 972 1686 cap.
999 1641 1067 1676 15:
1095 1639 1250 1675 Rustico
1271 1639 1462 1684 Aruleno,
1489 1639 1635 1685 inquit,
1662 1652 1764 1686 quem
1790 1646 1912 1687 postea
1933 1641 2180 1684 Domitianus,

254 1721 399 1757 invidia
416 1719 559 1766 gloriae
577 1722 652 1761 ejus
673 1719 852 1766 impulsus
867 1720 1077 1764 interfecit,
1101 1732 1183 1754 cum
1198 1732 1255 1756 me
1275 1720 1513 1755 disserentem
1531 1720 1726 1766 aliquando
1743 1722 1906 1760 audiret,
1929 1721 2182 1758 interveniens

253 1801 361 1837 miles
386 1801 576 1847 epistolam
601 1812 620 1835 a
647 1800 801 1836 Caesare
825 1802 973 1836 missam
994 1801 1175 1843 tradidit3
1213 1801 1515 1836 intermittentem
1541 1813 1595 1835 me
1619 1802 1822 1837 orationem
1852 1804 1998 1849 ipsique
2024 1802 2181 1847 spatium

255 1881 488 1928 legendarum
511 1882 707 1918 literarum
730 1882 1005 1926 concedentem,
1034 1882 1112 1928 ipse
1138 1882 1294 1917 retinuit
1319 1893 1434 1927 neque
1458 1886 1559 1915 antea
1587 1881 1776 1926 epistolam
1803 1881 1941 1927 solvit,
1981 1893 2087 1928 quam
2116 1892 2180 1926 ego

255 1973 481 2009 perorassem
504 1967 541 1996 et
563 1964 672 1997 missa
694 1966 789 1997 esset
811 1961 956 2005 schola3
984 1962 1152 1997 omnibus
1177 1962 1257 1996 viri
1281 1963 1497 2008 gravitatem
1528 1961 1804 1997 admirantibus.

402 2044 500 2087 Quas
524 2042 699 2077 lectiones
725 2041 943 2077 Plutarchus
969 2041 1093 2087 lingua
1127 2053 1252 2087 graeca
1279 2042 1429 2086 habuit,
1464 2043 1547 2087 quia
1577 2041 1690 2076 latine
1718 2042 1820 2088 loqui
1856 2054 1927 2076 non
1963 2045 2103 2088 potuit,
2138 2054 2178 2075 ac

260 2134 341 2159 sero
367 2123 512 2158 demum
539 2128 653 2158 aetate
677 2124 911 2168 provectiore
935 2122 1111 2157 Romanas
1148 2122 1275 2167 attigit
1304 2121 1431 2156 literas
1452 2124 1523 2166 ⁶3),
1551 2122 1590 2156 in
1616 2112 1750 2168 quIbus
1774 2136 1850 2159 non
1871 2129 1944 2158 tam
1969 2135 2011 2157 ex
2036 2122 2178 2166 verbis,

390 2272 439 2317 ⁶²)
490 2272 592 2309 Plut.
630 2273 672 2307 in
703 2273 770 2309 lib.
804 2272 853 2309 de
884 2283 1006 2309 amor.
1041 2272 1132 2308 frat.
1178 2281 1260 2319 cap.
1299 2271 1331 2308 lt.
1383 2268 1508 2315 ,,Οῖδα
1552 2272 1640 2318 γοῦν
1673 2269 1833 2318 ἐμαυτὸν
1865 2270 1901 2307 ἐν
1933 2269 2045 2320 Ῥώμῃ
2079 2270 2181 2307 δυοῖν

263 2337 431 2384 ἀδελφῶν
456 2336 720 2383 ἀναδεξάμενον
746 2338 915 2381 δίαιταν,
945 2337 995 2374 ὦν
1027 2335 1158 2384 ἅτερος
1192 2335 1304 2370 ἐδόκει
1339 2337 1573 2382 φιλοσοφεῖν·
1607 2336 1646 2377 ἦν
1683 2337 1731 2379 δὲ,
1765 2340 1811 2378 ὡς
1847 2336 1971 2379 ἔοικεν,
2003 2337 2046 2369 οὐ
2071 2335 2182 2381 μόνον

264 2401 433 2449 ἀδελφὸς,
475 2400 574 2436 ἀλλὰ
606 2401 669 2437 καὶ
704 2400 914 2449 φιλόσοφος
948 2401 1241 2452 ψευδεπίγραφος
1275 2400 1335 2435 καὶ
1365 2400 1605 2448 ψευδώνυμος·
1639 2402 1724 2448 ἐμοῦ
1749 2400 1818 2448 γὰρ
1847 2402 2038 2445 ἀξιοῦντος
2064 2401 2185 2438 αὑτὸν

265 2468 313 2506 ὡς
335 2466 481 2510 ἀδελφῷ
506 2466 566 2498 καὶ
589 2466 714 2514 ἰδιώτῃ
730 2465 944 2513 φιλόσοφον
959 2466 1255 2516 προσφέρεσθαι·
1280 2465 1425 2509 Ταῦτα,
1445 2464 1552 2508 εἶπεν,
1580 2468 1626 2506 ὡς
1650 2465 1740 2514 πρὸς
1765 2464 1910 2504 ἰδιώτην
1929 2464 2088 2507 ἀληθῶς·
2115 2466 2185 2512 ἐγὼ

266 2529 305 2567 δὲ
341 2533 384 2566 οὗ
419 2530 548 2578 σεμνὸν
582 2530 664 2566 οὐδὲ
695 2531 787 2577 μέγα
807 2533 985 2578 ποιοῦμαι
1021 2531 1068 2567 τὸ
1102 2531 1139 2566 ἐκ
1174 2531 1250 2566 τῶν
1275 2530 1399 2566 αὐτῶν
1427 2531 1558 2576 μορίων
1582 2531 1776 2576 γεγονέναι.
1813 2530 1864 2564 Σοὶ·
1886 2530 1959 2576 μὲν,
1983 2530 2077 2578 ἔφην
2102 2533 2185 2578 ἐγὼ,

268 2595 376 2637 δῆλος
402 2594 433 2630 εἶ
457 2596 541 2642 μηδὲ
563 2594 609 2629 τὸ
634 2595 671 2629 ἐκ
696 2595 829 2643 μορίων
852 2595 1050 2642 γεγονέναι,
1077 2595 1167 2642 μέγα
1191 2594 1252 2628 καὶ
1277 2593 1408 2641 σεμνὸν
1433 2594 1662 2641 ἡγούμει·ος.“
1687 2614 1734 2619 -

397 2661 448 2706 ⁶³)
498 2663 548 2698 cf.
574 2662 675 2697 Plut.
702 2660 774 2698 vit.
803 2661 1004 2698 Demosth.
1031 2674 1112 2709 cap.
1138 2664 1171 2697 2.
1189 2680 1234 2688 --
