2436 3151
1183 49 1247 101 18

247 196 451 240 sensitst),
485 194 630 229 cumin
658 192 791 228 Asiu-
810 193 1110 239 proficisceretur
1131 193 1174 228 ad
1195 191 1474 228 Athenodorum
1500 189 1759 239 philosophum
1786 191 2099 238 paneade-dun,
2135 197 2180 229 'ut

248 290 369 314 secum
395 275 547 310 Romam
573 274 669 318 iret,
690 278 728 307 et
759 279 947 308 assecutus·
972 273 1009 308 id
1036 274 1131 320 quod
1153 272 1304 317 voluit,
1329 270 1695 318 οὐιηεόιῈΙοτὶόιιι
1718 279 1801 306 eum
1827 272 1866 307 in
1890 277 2007 308 castra
2029 271 2181 310 deduxit

248 364 283 393 et
305 356 377 393 tali
398 354 627 398 afficiebatur
653 353 848 399 voluptate
869 364 909 388 ac
933 353 966 387 si
998 355 1188 389 maximam
1213 356 1438 398 reportasset
1462 346 1684 388 'victoriani-
1732 351 1785 386 Sl‘
1808 358 1928 388 autem
1961 354 2181 400 peregrinus

246 437 333 472 urbi
357 440 497 471 tantum
522 433 661 468 tribuit
685 433 865 469 honorem
881 458 892 477 ,
923 437 1092 477 quantam
1118 432 1271 479 gloriam
1310 443 1386 468 nou
1414 432 1550 467 efficiet
1575 430 1813 480 philosophus
1836 430 1997 477 insignis
2021 439 2058 470 et
2079 443 2182 481 prae·

249 518 366 553 clarus
390 516 556 560 scriptor
578 514 744 560 patriae,
770 513 835 547 ubi
857 506 984 546 mun'di
1005 511 1123 548 lucem
1148 512 1289 547 viderit
1313 511 1434 546 et-ubi
1467 512 1585 547 vitam
1611 512 1720 548 finire
1744 511 1982 558 praetulerit,
2007 515 2180 559 quamvis

248 596 337 632 alibi
360 594 516 630 maxima
539 593 688 628 haberet
713 590 913 627 commoda.
965 591 1035 626 Nil
1061 604 1150 638 ergo
1174 590 1371 627 Plutarcho
1392 592 1524 633 maiori
1550 602 1629 628 esse
1650 597 1775 638 potest,
1795 592 1943 638 decori,
1976 604 2084 639 quam
2117 594 2181 630 hic

247 678 285 713 in
313 675 558 713 Chaeroneam
579 684 690 710 amor.
739 671 800 708 Ab
826 671 956 708 aetatis
985 671 1105 718 igitur
1141 684 1234 708 anno
1266 673 1326 711 25.
1358 683 1472 717 usque
1503 671 1547 707 ad
1572 683 1604 709 a.
1628 674 1688 710 50.
1714 672 1934 709 Plutarchus
1962 674 2083 710 omnia
2115 686 2181 710 sua

243 759 381 794 itinera
406 754 575 791 confecit.

388 835 465 872 Diu
490 835 530 868 in
561 832 671 870 Italia
698 837 868 868 versatus
900 837 977 876 est3
1013 835 1158 878 quoties
1185 832 1319 868 Romae
1343 831 1473 877 fuerit,
1497 831 1703 877 nescimus,
1728 831 1791 867 sed
1816 833 2019 880 compluria
2045 833 2180 869 itinera

245 916 352 951 illum
378 927 420 950 eo
444 914 574 949 fecisse
601 924 647 948 ex
672 913 791 959 ipsius
815 913 967 959 scriptis
985 917 1126 948 constat
1137 913 1200 958 ⁴⁷).
1226 912 1308 958 Quo
1330 924 1423 948 vero
1446 916 1610 959 tempore
1635 917 1697 948 aut
1719 912 1787 949 sub
1810 923 1881 960 quo
1903 915 2073 960 principe
2097 913 2180 960 qui-

244 997 359 1032 busve
384 995 505 1029 causis
527 994 679 1028 Romam
707 994 925 1038 migraverit
950 993 1160 1039 aliquoties,
1183 993 1292 1040 plane
1315 998 1353 1028 et
1376 998 1474 1028 certe
1499 993 1723 1029 constituere
1743 1004 1815 1029 non
1840 1004 2042 1039 possumus.
2082 994 2182 1030 Ante

243 1075 465 1121 Vespasiani
492 1074 687 1120 imperium
709 1073 865 1111 Romam
886 1086 959 1109 non
981 1074 1098 1119 vidit,
1133 1073 1316 1122 siquidem
1339 1079 1504 1110 extremo
1533 1074 1696 1109 Neronis
1719 1074 1931 1121 principatu
1956 1075 2073 1111 adhuc
2097 1086 2182 1120 agea

244 1156 311 1192 bat
323 1156 361 1189 in
375 1155 550 1197 Graecia;
576 1166 691 1199 neque
706 1154 827 1189 serius
845 1154 992 1188 Romam
1007 1153 1234 1189 inhabitavit
1247 1165 1352 1199 quam
1370 1154 1458 1189 Tito
1482 1154 1698 1199 imperante,
1725 1153 1820 1199 quod
1835 1153 2042 1192 Arulenum
2053 1154 2178 1190 Rusti-

245 1246 325 1271 cum
339 1234 438 1269 inter
458 1233 644 1269 auditores
664 1232 797 1268 Romae
819 1231 960 1276 habuit,
988 1234 1053 1278 qui
1066 1232 1327 1277 aDomitiano,
1357 1233 1437 1269 Titi
1454 1244 1676 1278 successore,
1696 1233 1740 1268 de
1751 1233 1870 1269 medio
1886 1233 2053 1268 sublatus
2066 1235 2188 1278 estffl).

242 1313 427 1350 Nonnulli
453 1319 607 1359 putant,
635 1312 805 1358 Romam,
833 1312 978 1351 relictis
1005 1312 1147 1348 laribus
1168 1312 1323 1357 patriis,
1358 1312 1579 1358 migravisse
1602 1312 1840 1348 Plutarchum
1863 1312 1983 1350 Sossii
2011 1313 2188 1350 Senecio-

243 1394 304 1430 nis
326 1393 496 1438 hortatu,
532 1404 686 1439 quocum
714 1395 869 1429 maxima
894 1392 1058 1429 amicitia
1083 1392 1299 1434 conjunctus
1329 1397 1406 1428 erat
1429 1398 1465 1429 et
1493 1394 1596 1436 cuius
1622 1393 1934 1431 commendatione
1966 1392 2123 1429 fortasse
2147 1393 2189 1429 in

243 1474 455 1520 principum
481 1472 600 1509 aulam
625 1478 731 1519 atque
753 1473 958 1508 amicitiam
987 1472 1227 1508 intromissus
1253 1477 1319 1507 est.
1346 1472 1537 1510 Plutarchi
1559 1484 1737 1514 summum
1762 1474 1802 1510 in
1826 1473 1922 1508 hunc
1946 1485 2105 1512 amorem
2129 1473 2188 1510 de·

249 1559 456 1589 monstrant
490 1565 571 1587 cum
594 1554 672 1593 ejus
698 1554 1003 1587 commentarius:
1040 1552 1220 1597 quomodo
1256 1530 1355 1597 quisff
1378 1564 1416 1588 se
1442 1556 1481 1589 in
1506 1553 1648 1588 virtute
1674 1552 1850 1599 proficere
1876 1559 2086 1599 cognoscat,
2111 1559 2188 1590 tum

245 1634 347 1669 vitae
373 1632 569 1679 parallelae
602 1645 641 1668 ac
678 1633 833 1677 (lenique
856 1644 987 1667 novem
1011 1631 1201 1667 volumina
1226 1632 1491 1676 Quaestionum
1516 1632 1792 1678 convivalium,
1814 1645 1904 1679 quae
1927 1634 2047 1669 omnia
2073 1634 2186 1670 Sene·

245 1713 346 1748 cioni
367 1712 564 1750 dedicavit.
594 1711 723 1746 Potius
747 1717 867 1746 tamen
891 1712 1124 1755 crediderim,
1151 1711 1388 1748 Plutarchum
1409 1714 1568 1758 primum
1593 1713 1771 1758 impetum
1793 1713 1933 1758 cepisse
1955 1713 2187 1759 demigrandi

244 1792 395 1828 Romam
424 1804 462 1826 ea
487 1803 573 1836 spe,
614 1796 655 1825 ut
688 1791 741 1825 ibi
768 1791 1043 1825 nancisceretur
1072 1791 1211 1826 affatim
1248 1803 1307 1826 res
1345 1797 1382 1827 et
1405 1793 1610 1835 adjumenta
1634 1792 1678 1827 ad
1699 1791 1923 1826 contexenda
1946 1803 2070 1838 opera,
2095 1805 2186 1840 quae

246 1873 368 1907 animo
392 1884 457 1907 suo
480 1870 720 1915 moliebatur,
754 1875 790 1904 et
822 1871 1016 1916 praecipue
1041 1870 1085 1905 ad
1110 1870 1209 1905 vitas
1236 1870 1441 1907 illustrium
1467 1872 1639 1907 virorum
1665 1873 1901 1918 scribendas,
1939 1872 1977 1907 id
2010 1875 2109 1919 quod
2143 1876 2187 1910 iu

245 1952 388 1997 magnis
415 1952 589 1987 duntaxat
612 1950 768 1985 urbibus
792 1950 977 1987 commode
1000 1951 1085 1986 fieri
1109 1956 1245 1997 posset,
1271 1957 1313 1986 ut
1337 1952 1416 1998 ipse
1434 1953 1546 1988 docet
1569 1953 1609 1987 in
1634 1953 1706 1988 vit.
1728 1953 1916 1988 Demosth.
1944 1965 2020 1999 cap.
2036 1956 2097 1999 &27
2119 1954 2184 1989 ubi

245 2032 491 2067 Plutarchus:
526 2029 579 2065 At
602 2029 686 2076 qui,
722 2030 868 2078 inquit,
894 2031 1089 2068 historiam
1115 2031 1348 2068 conscribere
1373 2033 1562 2079 instituit,
1596 2042 1669 2069 non
1703 2044 1748 2069 ex
1779 2033 1829 2069 iis
1860 2045 1950 2080 quae
1972 2033 2016 2070 ad
2039 2028 2184 2071 manum

379 2192 432 2234 46)
482 2194 532 2228 cf.
561 2192 609 2228 de
628 2191 702 2228 hac
730 2204 774 2227 re
798 2193 903 2228 Plut.
927 2192 997 2230 vit.
1026 2193 1164 2231 caton.
1189 2195 1284 2230 min.
1309 2207 1393 2243 cap.
1421 2197 1478 2231 10.
1507 2200 1548 2230 et
1571 2193 1675 2240 Lib„
1702 2196 1870 2230 maxime
1898 2208 1986 2232 cum
2008 2197 2180 2244 princip.

246 2256 347 2291 viris
373 2255 518 2302 philos.
547 2268 630 2293 esse
655 2256 874 2292 disserend.
899 2269 980 2304 cap.
1008 2260 1039 2293 1.
1069 2255 1105 2303 ξ.
1134 2260 1190 2294 12.
1210 2280 1278 2308 —-

379 2322 432 2363 ⁴⁷)
483 2321 587 2355 Plut.
619 2322 780 2366 Quaest.
805 2331 922 2356 conv,
945 2320 1054 2355 VIII.
1081 2324 1117 2367 7,
1145 2324 1176 2357 1.
1230 2321 1376 2362 Σύλλας
1401 2321 1422 2355 ὁ
1447 2321 1690 2370 Καρχηδόνιος
1726 2325 1774 2365 εἰς
1803 2323 1939 2372 Ῥώμην
1971 2322 2179 2370 ἀφικομένῳ

250 2392 310 2427 μοι
341 2383 402 2417 διὰ
420 2382 568 2434 χρόνον,
590 2382 641 2419 τὸ
665 2383 932 2428 ὑποδεκτικὸν,
968 2385 1015 2425 ὡς
1038 2385 1209 2431 Ῥωμαῖοι
1233 2387 1403 2429 καλοῦσι,
1439 2387 1685 2433 καταγγείλας
1708 2388 1871 2433 δεῖπνον,
1907 2387 2044 2430 ἄλλους
2070 2390 2179 2437 παρέ-

248 2446 359 2492 λαβεν
379 2447 487 2485 etc.“
524 2467 562 2474 —

376 2511 427 2557 ⁴⁸)
478 2512 583 2549 mut.
620 2511 668 2549 de
708 2514 858 2549 curios.
892 2524 979 2562 cap.
1023 2516 1079 2551 15.
1133 2515 1270 2561 ,,“Εμοῦ
1306 2511 1405 2549 ποτὲ
1434 2512 1471 2550 ἐν
1508 2514 1623 2564 Ῥώμῃ
1661 2516 1928 2564 διαλεγομένου,
1956 2514 2178 2565 ιῬούστικος

249 2576 397 2618 ἐκεῖνος,
424 2573 468 2610 ὃν
493 2575 651 2626 ὕστερον
676 2576 870 2612 ἀπέκτεινε
893 2578 1121 2625 Δομετιανὸς
1144 2582 1193 2627 τῇ
1219 2580 1305 2626 δόξῃ
1333 2579 1537 2625 φθονήσας,
1559 2581 1720 2630 ἠκροᾶτο
1747 2580 1857 2618 etc-‘⁴
1880 2600 1929 2608 -·
