2436 3151
1161 53 1226 103 32

222 189 373 225 Jonsius
386 190 434 233 3⁶)
470 195 589 235 errat,
623 192 686 237 qui
713 192 865 230 Eusebii
896 194 1011 230 verba
1027 221 1038 241 ,
1080 206 1174 230 anno
1198 194 1261 230 Ch.
1292 195 1369 230 119.
1396 192 1673 238 Agathohulum
1695 193 1948 243 philosophum
1974 194 2155 237 floruisse,

225 270 268 305 de
288 269 474 305 Autobulo
504 271 667 317 intelligi
696 274 801 320 vult,
829 287 907 310 cum
939 274 1008 310 hoc
1029 281 1192 323 tempore
1221 278 1345 308 noster
1372 273 1582 309 Autobulus
1609 274 1678 315 iam
1702 274 1844 319 pridem
1864 279 2026 309 mortuus
2051 279 2156 310 esset.

364 350 483 391 Hujus
508 351 581 387 filii
608 352 827 390 Plutarchus
850 354 1045 402 permultis
1070 356 1288 401 scriptorum
1315 352 1407 389 locis
1433 353 1654 389 mentionem
1680 352 1769 389 fecit
1781 356 1845 398 ⁸⁷).

364 430 452 464 Post
476 431 706 471 Autobulum
734 435 952 470 Plutarchus
985 435 1190 482 Lampriam
1217 435 1362 479 genuit,
1398 435 1458 469 cui
1495 446 1624 470 nomen
1658 437 1723 471 avi
1758 435 1918 471 inditum
1953 440 2054 479 erat5
2094 433 2156 469 hie

222 509 339 555 patris
362 511 588 557 scriptorum
609 515 767 551 indicem
791 518 872 551 sive
898 515 1104 561 catalogum
1126 514 1301 560 scripsit,
1328 519 1419 550 teste
1445 515 1559 551 Suida
1572 518 1643 561 ⁸8),
1681 515 1744 562 qui
1775 515 1891 551 adhuc
1921 520 2061 560 exstat,
2094 525 2155 549 ex-

222 596 340 628 tremo
360 592 562 639 deperdito.

361 673 513 708 Tertius
549 674 649 709 filius
681 674 851 719 Charon,
879 673 942 709 vel
967 675 1094 721 potius
1122 675 1282 710 Chaeron
1315 686 1335 710 a
1371 674 1601 710 Chaeroneae
1626 674 1819 709 conditore
1854 672 2082 717 nominatus,
2117 677 2158 707 ut

222 751 416 798 Xylander
439 755 610 799 conjecit,
632 756 766 800 primis
789 756 920 790 aetatis
946 756 1053 791 annis
1080 762 1245 792 mortuus
1264 760 1317 790 est
1329 757 1392 800 8⁹).

363 832 606 880 Plutarchus,
627 837 803 873 minimus
827 841 934 882 natu,
959 841 1084 883 postea
1108 835 1268 871 illustris
1295 834 1535 882 philosophus
1559 834 1689 871 floruit
1703 833 1766 874 ⁹⁰).

365 912 458 949 Post
481 921 637 961 quatuor
662 917 762 953 filios
774 917 972 953 Plutarcho
999 917 1223 953 desideranti
1248 916 1327 952 filia
1340 921 1423 951 nata
1447 921 1523 961 est,
1548 915 1608 951 cui
1634 915 1763 951 matris
1784 925 1914 950 nomeu
1931 915 2154 952 Timoxenae

220 990 406 1038 imposuit.
457 995 550 1031 Post
575 996 765 1033 biennium
786 1009 875 1036 vero
900 1002 1017 1033 morte
1041 997 1187 1043 abrepta
1214 1002 1269 1032 est
1280 999 1343 1040 ⁹¹).

317 1073 390 1109 Sed
412 1074 473 1110 hic
496 1077 588 1112 mihi
612 1078 886 1114 subsistendum
913 1084 989 1124 est,
1023 1090 1067 1113 ne
1091 1077 1344 1119 hujuscemodi
1370 1077 1583 1112 schedarum
1606 1077 1696 1112 fines
1718 1075 1996 1123 transgrediar3
2022 1079 2157 1114 iterum

219 1153 313 1188 mihi
339 1155 461 1191 oblata
486 1158 699 1202 occasione,
721 1169 798 1192 rem
823 1158 1028 1194 inchoatam
1052 1158 1263 1202 absolvam,
1295 1158 1376 1194 Deo
1410 1170 1482 1193 non
1521 1158 1721 1202 abnuente,
1758 1162 1794 1192 et
1834 1157 2041 1204 inquiram,
2072 1168 2159 1192 num

222 1233 396 1270 Soclarus
425 1241 460 1271 et
485 1237 671 1284 Eurydice
695 1238 885 1273 Plutarchi
917 1238 1027 1272 liberi
1046 1238 1201 1274 habendi
1226 1239 1303 1272 sint
1328 1250 1453 1273 necne.
1483 1238 1673 1272 Praeterea
1700 1236 1742 1271 de
1768 1238 1988 1284 propinquis
2013 1244 2049 1273 et
2073 1239 2159 1273 ami-

221 1315 276 1349 cis
294 1314 486 1352 Plutarchi
510 1317 664 1364 loquar,
697 1324 732 1353 et
756 1324 944 1364 postremo
972 1319 1013 1353 de
1029 1318 1266 1364 philosophia
1280 1317 1471 1353 Plutarchi
1496 1322 1532 1352 et
1553 1316 1596 1351 de
1619 1316 1771 1362 scriptis
1795 1317 1889 1352 mihi
1906 1318 2157 1355 disserendum

221 1400 287 1429 est.
314 1415 362 1421 —

349 1537 402 1581 8ὕ)
452 1550 489 1573 v.
516 1538 564 1573 de
589 1541 727 1586 script.
751 1540 892 1575 histor.
920 1541 1062 1587 philos.
1090 1541 1158 1576 lib.
1186 1541 1256 1577 111.
1283 1553 1367 1588 cap.
1394 1541 1427 1577 6.
1452 1553 1538 1590 pag.
1563 1543 1621 1578 29.

351 1605 402 1648 ⁹⁷)
454 1608 676 1643 Autobulus
711 1609 839 1644 refert
872 1621 1094 1645 sermonem
1128 1612 1403 1652 Amatorium3
1445 1610 1686 1655 colloquium
1723 1610 1819 1645 facit
1855 1621 1946 1645 cum
1980 1610 2070 1645 aliis
2111 1609 2158 1645 de

225 1668 389 1704 solertia
413 1670 666 1715 animalium3
693 1673 935 1721 colloquitur
962 1674 1002 1709 in
1031 1676 1191 1722 Quaest.
1219 1686 1329 1711 conv.
1356 1674 1467 1709 VIII.
1496 1677 1538 1718 23
1566 1674 1588 1709 6
1606 1678 1646 1709 et
1677 1675 1731 1709 10.

355 1738 404 1780 8Β)
454 1742 502 1774 cf.
538 1740 684 1788 Script.
723 1742 862 1778 Graec.
908 1745 1051 1779 minor.
1096 1746 1166 1779 vit.
1210 1744 1263 1779 ed.
1304 1744 1619 1787 Westermann,
1675 1753 1761 1791 pag.
1798 1744 1882 1779 3²⁴3.
1926 1743 2158 1791 ,,Λαμπριάς,

225 1800 477 1850 Πλουτάρχου
501 1805 573 1837 τοῦ
607 1805 817 1853 Χαιρωνέως
849 1804 946 1846 υἱός·
984 1805 1120 1857 ἔγραψε
1151 1807 1292 1844 πίνακα
1327 1804 1376 1842 ὦν
1410 1807 1430 1840 ὁ
1464 1804 1588 1855 πατὴρ
1617 1804 1737 1839 αὐτοῦ
1770 1803 1907 1854 ἔγραψε
1929 1806 2013 1857 περὶ
2036 1807 2160 1849 πάσης

223 1864 426 1907 Ἑλληνικῆς
451 1868 512 1902 καὶ
534 1869 723 1914 Ῥωμαῖκῆς
752 1870 960 1918 ἱστορίας.“

354 1932 403 1973 8⁹)
456 1933 557 1969 Plut.
594 1946 699 1971 cons.
732 1934 782 1971 ad
818 1947 933 1971 uxor.
969 1947 1049 1981 cap.
1089 1939 1121 1973 5.
1165 1936 1252 1980 „nat
1285 1935 1413 1979 πάλιν,
1450 1935 1584 1971 ἐκείνου
1610 1937 1682 1969 τοῦ
1715 1935 1832 1971 καλοῦ
1857 1935 2046 1986 Χαίρωνος
2068 1936 2160 1982 ἡμᾶς

226 1993 516 2044 προλιπόντος.“

357 2060 407 2099 ⁹⁰)
457 2060 507 2096 ad
538 2073 624 2100 eum
669 2069 708 2099 et
743 2064 987 2101 Autobulum
1025 2063 1129 2101 Plut.
1168 2066 1279 2101 Libr.
1316 2064 1364 2101 de
1402 2066 1557 2101 animae
1592 2065 1870 2111 procreatione
1912 2064 1955 2100 in
1995 2063 2161 2102 Timaeo

231 2123 405 2161 Platonis
428 2125 604 2173 scripsit.

358 2190 407 2235 ⁹¹)
461 2192 562 2227 Plut.
586 2194 729 2228 consol.
758 2193 807 2229 ad
835 2205 947 2230 uxor.
973 2208 1057 2244 cap.
1085 2196 1119 2232 8.
1173 2193 1269 2238 ,,Τὴν
1293 2194 1323 2229 δ’
1346 2194 1383 2230 ἐν
1408 2194 1504 2241 μέσῳ
1527 2194 1667 2229 διετίαν
1691 2193 1843 2243 ἐξαιρεῖν
1868 2192 1930 2240 μὲν
1953 2194 1998 2229 οὐ
2022 2194 2075 2230 δεῖ
2100 2195 2165 2234 τῆς

227 2253 371 2298 μνήμης,
399 2257 445 2295 ὡς
470 2254 508 2290 δὲ
532 2255 642 2304 χάριν
667 2258 728 2291 καὶ
755 2257 966 2294 ἀπόλαυσιν
987 2261 1282 2309 παρασχοῦσαν,
1307 2260 1343 2295 ἐν
1366 2260 1475 2305 ἡδονῇ
1503 2258 1724 2293 τίθεσθαι.“
