2436 3151
1127 82 1189 131 13

182 225 287 267 pater
310 218 480 267 jusserat,
504 221 548 257 in
572 232 680 257 coena
704 233 810 258 suum
835 220 965 268 cuique
984 220 1106 258 locum
1129 219 1334 266 adsignare.
1374 220 1518 257 Minori
1545 225 1633 256 natu
1653 227 1751 257 certe
1777 221 1910 258 Timon
1935 222 2111 264 judicium

182 312 257 336 non
284 302 491 338 tribuisset.

323 380 527 428 hmprias,
551 381 615 428 qui
636 393 708 418 une
732 392 814 418 cum
834 379 1033 418 Plutarcho
1052 381 1249 418 Ammonio
1269 386 1501 429 praeceptore
1516 391 1604 415 usus
1622 385 1687 425 est,
1713 387 1839 416 natura
1863 382 1999 417 facetus
2019 388 2111 428 erat,

181 469 218 498 et
237 462 456 498 Plutarchus
479 466 558 509 ipse
584 474 667 498 eum
688 463 854 498 nominat
868 463 918 505 31)
943 463 1101 498 dicacem
1126 469 1162 497 et
1185 463 1283 497 risus
1310 469 1541 508 captatorem.
1566 461 1684 496 Valde
1705 469 1892 508 promptus
1918 464 1957 498 in
1982 475 2110 510 corpo-

180 544 235 579 ris
259 543 591 580 exercitationibus
612 547 704 586 erat,
731 547 767 576 et
791 541 1009 578 Plutarchus
1033 555 1113 578 eum
1137 542 1252 578 tradit
1264 545 1314 588 3²)
1339 542 1567 591 pyrrhichen
1592 542 1775 577 commode
1796 542 1947 579 saltasse
1975 549 2012 579 et
2037 556 2110 580 ma-

179 621 288 658 nibus
315 621 593 669 gesticulantem
622 621 661 657 in
686 621 865 668 palaestra
891 622 1053 670 reliquos
1077 634 1265 670 superasse
1286 634 1428 669 pueros.

321 702 532 747 Lampriam
550 706 634 736 ante
650 701 844 739 Timonem
860 701 887 738 'e
904 704 983 738 vita
1006 704 1201 738 decessisse
1220 703 1435 738 concludere
1446 703 1558 737 liceat
1575 714 1619 736 ex
1638 701 1737 737 libro
1756 702 1798 736 de
1816 714 1933 738 amore
1949 705 2112 739 fraterno

178 795 255 829 cap.
282 786 337 820 16.
365 788 541 827 extremo,
571 783 637 818 ubi
663 782 882 818 Plutarchus
903 795 941 818 se
967 784 1110 818 felicem
1136 784 1334 830 praedicat,
1360 796 1440 819 cum
1466 782 1582 818 multa
1605 782 1820 828 obtigefint,
1854 783 1899 818 ob
1925 796 2013 829 quae
2034 784 2110 819 for-

177 869 287 899 tunae
313 863 451 909 gratias
477 874 582 910 agere
608 863 757 907 debeat3
783 864 980 901 maximum
1010 875 1097 900 vero
1122 865 1289 900 fortunae
1312 864 1446 900 donum
1465 862 1540 898 sibi
1564 873 1642 898 esse
1666 862 1836 898 Timonis
1856 862 1983 899 fratris
2004 864 2111 900 bene-

177 942 380 979 volentiam
407 948 443 979 et
467 955 626 981 amorem
654 944 693 979 in
718 943 957 990 acromatum,
983 950 1023 979 ut
1047 956 1150 980 nemo
1176 956 1300 980 eorum
1324 946 1482 991 ignoret,
1509 943 1573 989 qui
1599 945 1733 989 quovis
1757 945 1864 980 modo
1888 956 2009 979 secum
2036 957 2110 979 rem

177 1022 385 1070 habuerint,
410 1024 562 1060 minime
587 1026 750 1060 omnium
773 1023 975 1064 familiares
996 1026 1065 1062 sui.
1091 1026 1132 1059 Si
1154 1026 1342 1071 Lamprias
1365 1031 1440 1059 tum
1465 1025 1657 1069 temporis,
1684 1037 1763 1058 cum
1777 1026 1872 1075 vhaec
1890 1025 2111 1061 Plutarchus

177 1105 367 1145 scriberet,
391 1105 574 1149 vixisset,
601 1105 645 1139 de
671 1106 826 1140 Timone
852 1105 931 1140 solo
959 1117 1032 1140 non
1054 1106 1167 1140 verba
1195 1106 1350 1142 fecisset.
1400 1106 1521 1140 Ambo
1545 1106 1643 1140 enim
1668 1105 1801 1140 fratres
1832 1107 1952 1141 eadem
1976 1108 2111 1152 pietate

176 1190 281 1231 atque
304 1185 431 1221 eodem
455 1197 576 1221 amore
597 1198 679 1222 cum
697 1198 740 1222 eo
757 1186 947 1229 coniuncti
968 1191 1085 1230 erant,
1112 1191 1148 1219 et
1166 1185 1384 1220 Plutarchus
1402 1191 1594 1231 utrumque
1615 1184 1798 1231 singulari
1818 1197 1941 1222 amore
1958 1186 2110 1233 amabat,

174 1270 210 1299 et
233 1266 383 1300 caritati
408 1266 663 1312 respondebat,
689 1267 784 1313 quod
808 1279 854 1303 ex
879 1264 1007 1302 multis
1034 1265 1126 1301 locis
1151 1265 1389 1312 perspicitur,
1414 1265 1547 1311 quibus
1574 1265 1730 1300 fratrum
1756 1267 1926 1302 meminit
1940 1267 2002 1312 ³³).

317 1345 416 1381 Num
441 1345 662 1381 Plutarchus
684 1357 836 1383 sorores
864 1356 1005 1392 quoque
1042 1345 1233 1389 habuerit,
1259 1346 1440 1379 incertum
1477 1350 1552 1388 est3
1588 1357 1694 1390 quam
1716 1357 1792 1380 rem
1817 1346 1913 1381 infra
1938 1346 2049 1381 latius
2076 1355 2112 1384 et

172 1425 291 1459 fusius
312 1427 495 1470 tractabo,
522 1438 603 1461 cum
629 1438 727 1461 nunc
749 1427 792 1462 de
815 1426 1006 1462 Plutarchi
1031 1427 1244 1462 educatione
1268 1431 1304 1460 et
1329 1426 1570 1461 institutione
1599 1438 1712 1471 pauca
1738 1428 1850 1463 verba
1882 1427 2000 1465 facere
2025 1435 2111 1464 tem-

172 1515 241 1549 pus
262 1506 324 1539 sit.

985 1659 1140 1718 Cap.
1171 1659 1283 1704 117.

458 1765 562 1813 De
590 1765 958 1819 Ammonio,
989 1758 1337 1812 Plutarchi
1368 1766 1821 1821 praeceptore.

314 1873 551 1941 Ammonio
585 1905 761 1951 magistro
792 1906 836 1943 ad
867 1912 965 1942 artes
996 1912 1032 1943 et
1054 1905 1166 1942 bonas
1193 1903 1411 1951 disciplinas
1434 1902 1602 1938 incubuit
1630 1901 1848 1936 Plutarchus
1877 1901 2108 1946 profecitque

174 1981 213 2017 in
247 1980 371 2018 literis
386 1984 449 2030 3¹¹).
498 1984 555 2020 De
590 1984 661 2022 hoc
689 1996 781 2021 vero
811 1985 985 2032 pleraque
1016 1996 1082 2022 nos
1107 1984 1275 2030 fugiunt3
1308 1995 1390 2019 nam
1425 1983 1541 2017 vitam
1567 1981 1760 2018 Ammonii
1797 1982 2002 2028 discipulus
2034 1993 2105 2015 non

304 2102 354 2148 ³¹)
407 2103 567 2153 Quaest.
596 2115 711 2141 conv.
735 2097 848 2140 VIII.
873 2104 909 2151 6,
937 2106 981 2149 53
1010 2122 1057 2131 .-

302 2170 353 2211 32)
406 2172 565 2217 Quaest.
593 2178 708 2207 conv.
732 2170 801 2206 lx.
830 2174 890 2214 15,
914 2174 959 2213 13
985 2190 1028 2197 —

306 2233 357 2277 33)
405 2234 633 2283 Lampriam
667 2235 960 2284 colloquentem
996 2231 1218 2270 introducit
1250 2232 1292 2266 in
1330 2229 1552 2278 quaestsde
1576 2230 1623 2265 Ei
1651 2229 1862 2277 Delphic03
1896 2229 1940 2263 in
1965 2228 2030 2264 lib.
2056 2228 2105 2264 de

177 2296 333 2333 defectu
358 2301 558 2335 oraculor.
587 2307 625 2336 et
651 2302 692 2335 in
721 2301 826 2336 libro
851 2300 899 2336 de
923 2300 1023 2334 facie
1049 2300 1091 2333 iu
1116 2298 1232 2342 luna3
1264 2298 1305 2332 in
1335 2297 1496 2344 Quaest.
1524 2306 1640 2332 conv.
1664 2293 1695 2331 1.
1719 2296 1756 2340 2,
1784 2295 1829 2339 83
1855 2292 1925 2330 lv.
1945 2295 1965 2330 5
1992 2298 2032 2330 et
2058 2293 2107 2338 63

158 2353 571 2408 ‘v111.5;1x.5;6
601 2371 641 2401 et
667 2366 722 2402 m.
747 2385 794 2391 -

412 2429 554 2463 Timon
583 2431 826 2476 colloquitur
845 2431 888 2464 in
914 2430 1073 2475 Quaest.
1104 2439 1216 2463 conv.
1243 2425 1275 2459 Ι.
1301 2428 1351 2470 23
1375 2424 1429 2459 11.
1456 2427 1494 2471 5,
1520 2426 1623 2461 etin
1647 2424 1714 2460 lib.
1740 2423 1788 2458 de
1819 2433 1905 2459 sera
1930 2424 2108 2461 numinis

179 2492 366 2529 vindicta.
393 2513 439 2520 -

313 2561 364 2603 ³⁴)
412 2559 556 2606 Eunap.
580 2560 621 2593 in
643 2560 769 2605 praef.
796 2558 844 2593 de
868 2557 966 2594 vitis
1000 2557 1162 2603 sophist.
1188 2561 1229 2590 et
1254 2555 1395 2600 philos.
1422 2552 1457 2597 ἓ.
1480 2554 1513 2589 6.
1547 2552 1631 2593 „’Ev
1655 2548 1709 2592 οἷς
1731 2549 1933 2597 ’Δμμώνιός
1957 2565 2001 2587 τε
2025 2551 2065 2596 ἦν
2087 2553 2107 2586 ὁ

182 2623 218 2668 ἐξ
242 2623 450 2671 Αἰγύπτου,
475 2621 726 2670 Πλουτάρχου
752 2624 824 2656 τοῦ
848 2620 1056 2655 θειοτάτου
1082 2617 1236 2665 γεγονὼς
1261 2616 1583 2657 διδάσκαλος.“-
