2436 3151
1188 54 1255 105 22

246 204 289 236 ut
313 198 396 235 lieri
416 195 532 242 solet,
561 206 621 231 res
641 194 863 242 cognovisse
880 201 917 232 et
933 195 1138 245 percepisse
1162 193 1322 241 fatetur,
1347 205 1455 241 quam
1478 206 1521 233 ex
1541 195 1651 233 rehu·
1671 197 1805 240 harum
1824 198 1980 241 notitias
2004 210 2046 236 ac
2061 213 2182 240 voces.

248 281 397 316 Latinae
409 278 554 325 quidem
570 277 732 321 linguae,
745 276 813 321 ait,
826 277 1045 322 elegantiam
1061 288 1104 313 ac
1115 275 1433 322 pronunciationis
1449 283 1666 315 enumerata
1678 284 1717 314 ot
1734 280 2009 321 volubilitatem
2025 282 2184 328 assequi,

248 359 507 397 translationes
527 363 564 392 et
586 357 787 393 verborum
822 357 1110 402 compositiones
1137 362 1326 401 ceteraque
1353 367 1595 402 cognoscere,
1633 346 1770 404 quibus
1801 361 2015 399 illustretur
2049 362 2185 406 ontio,

248 439 384 477 bellum
406 450 483 475 esse
503 449 544 473 ac
571 437 783 480 iucundum.
834 436 968 472 Eorum
1003 447 1097 472 vero
1129 435 1375 483 coguitionem
1399 441 1508 484 atque
1533 449 1639 475 usum
1664 450 1738 475 uon
1759 438 1907 477 facilem
1934 453 2034 485 ense,
2066 442 2185 488 iisque

249 522 367 558 solum
389 522 615 564 convenire,
643 519 707 565 qui
729 516 913 552 abundent
930 517 1029 561 otio,
1058 522 1095 552 et
1114 517 1247 564 quibus
1259 520 1357 550 aetas
1379 516 1425 552 ad
1451 529 1490 552 ea
1514 518 1636 554 studia
1660 519 1832 556 sufficiat.
1865 519 1921 562 Etv
1940 520 2059 557 simili
2077 521 2185 559 modo

248 603 383 647 judicat
407 601 445 636 in
470 601 544 638 vit.
571 601 698 637 Caton.
726 599 810 640 Mai.
837 609 867 633 c.
894 599 928 635 7.
949 598 999 643 ⁶⁴)

390 682 566 718 Dubitari
593 693 665 716 non
689 685 832 727 potest,
856 680 945 726 quin
974 679 1194 714 Plutarchus
1219 689 1280 720 ea,
1303 678 1348 713 de
1373 679 1508 725 quihus
1531 679 1666 718 Rome
1691 680 1893 725 disseruit,
1917 683 2048 719 deinde
2073 683 2188 722 Chae-

247 776 377 800 roneae
404 767 443 799 in
469 762 621 808 scriptis
646 762 915 807 com-posuerit,
958 766 993 795 et
1026 760 1117 806 quin
1150 759 1323 805 opuscula
1348 760 1451 796 varii
1476 766 1512 796 et
1547 760 1695 796 diversi
1727 764 1875 806 generis
1912 763 1996 801 sive
2034 764 2188 801 moralia

244 847 384 891 scripta
404 844 593 878 maximam
623 843 666 877 ad
693 848 833 887 partem
857 854 901 876 ex
927 842 983 877 his
1010 841 1236 877 lectionibus
1258 846 1339 875 orta
1363 842 1467 886 sint,
1502 841 1540 876 id
1572 841 1669 886 quod
1694 842 1914 879 Plutarchus
1940 845 2018 889 ipse
2041 846 2189 881 denotat

245 927 284 962 in
318 925 406 962 libr.
434 923 477 959 de
504 923 746 960 inimicorum
771 923 934 960 utilitate
960 935 1033 968 cap.
1063 925 1120 966 l.,
1146 933 1253 967 quem
1278 920 1456 957 Cornelio
1480 921 1641 958 Pulchro
1667 923 1866 959 dedicavit.
1909 924 2027 969 Quae,
2054 927 2189 971 inquit,

245 1008 287 1043 de
312 1017 350 1042 ea
374 1016 414 1040 re
438 1015 555 1051 nuper
572 1003 665 1038 mihi
688 1003 868 1039 disserere
894 1001 1031 1046 subiit,
1056 1013 1094 1037 ea
1114 1000 1265 1036 totidem
1283 1000 1541 1048 propemodum
1560 1004 1767 1050 conscripta
1787 1002 1917 1041 verbis
1941 1003 1985 1040 ad
2012 1009 2047 1041 te
2066 1006 2187 1052 mitto,

244 1087 395 1122 omissis
418 1088 574 1119 maxime.
590 1085 671 1128 his,
701 1095 790 1129 quae
816 1085 855 1118 in
880 1083 1083 1128 praeceptis
1103 1080 1327 1126 reipublicae
1341 1081 1649 1117 administrandae
1666 1083 1901 1130 scripsimus,
1925 1095 2006 1119 cum
2026 1084 2186 1130 videam,

245 1169 354 1205 illum
380 1167 518 1200 librum
547 1166 619 1199 tibi
640 1165 852 1211 frequenter
873 1177 949 1198 esse
976 1165 1020 1198 ad
1044 1175 1200 1198 manum.

389 1263 460 1299 His
485 1261 712 1297 lectionibus
746 1266 782 1296 et
818 1261 1013 1308 praecipue
1045 1243 1203 1304 scriptis'
1232 1258 1454 1294 Plutarchus
1478 1260 1669 1295 maximam
1708 1260 1864 1305 gloriam
1898 1266 2081 1296 assecutus
2111 1257 2186 1295 est.

244 1344 336 1382 Eum
362 1341 596 1380 referendum
622 1352 699 1377 esse
725 1340 823 1377 inter
843 1340 901 1376 sui
926 1339 1102 1386 temporis
1128 1336 1384 1387 philosophos,
1410 1350 1518 1376 nemo
1547 1337 1759 1384 dubitavit,
1788 1342 1854 1387 qui
1880 1340 1942 1376 vel
1966 1339 2078 1377 semel
2102 1353 2186 1376 eru-

242 1424 420 1459 ditissimi
446 1421 524 1455 viri
550 1420 672 1454 libros
698 1408 886 1465 inspexit,
911 1419 1046 1465 quibus
1073 1430 1145 1453 non
1159 1418 1353 1452 historiam
1378 1423 1538 1462 tantum,
1563 1423 1671 1465 atque
1686 1418 1932 1466 elegantiores
1953 1419 2096 1465 literas,
2122 1420 2187 1455 sed

242 1504 512 1550 philosophiam
539 1513 683 1546 quoque
706 1500 909 1544 diligenter
934 1499 1158 1534 illustravit.
1208 1499 1253 1533 In
1281 1499 1512 1543 philosophia
1538 1500 1688 1544 quidem
1709 1502 1831 1535 minus
1854 1500 1991 1544 eluxit,
2019 1501 2186 1545 quamssin

243 1581 419 1620 historia.
457 1579 508 1617 Ea
526 1580 622 1616 enim
639 1584 866 1626 argumenta,
891 1591 980 1625 quae
995 1577 1058 1615 vel
1079 1578 1155 1624 ipse
1171 1578 1362 1623 tractavit,
1381 1578 1582 1625 modusque
1603 1579 1863 1626 ratiocinandi,
1879 1592 1982 1626 quem
1999 1582 2179 1625 adhibuit,

242 1663 307 1699 vel
330 1673 420 1709 quae
443 1672 487 1695 ex
506 1665 672 1697 veterum
695 1658 953 1706 systematibus
967 1663 1136 1704 excerpta
1160 1657 1393 1703 illustravit,
1418 1658 1509 1694 satis
1531 1658 1711 1704 produnt,
1735 1658 1922 1701 judicandi
1939 1659 1979 1696 in
1996 1660 2055 1696 his
2071 1660 2180 1696 rebus

239 1742 449 1778 facultatem
474 1739 572 1775 ultra
599 1739 890 1775 mediocritatem
913 1750 987 1773 non
1011 1737 1138 1774 fuisse.
1189 1737 1283 1772 Nam
1312 1738 1349 1772 in
1372 1737 1453 1773 illis
1485 1750 1744 1785 saepenumero
1782 1739 1943 1775 infirmis
1970 1740 2179 1776 rationibus

240 1828 276 1858 et
300 1823 432 1867 exiguo
457 1819 663 1865 argumenti
691 1818 854 1864 pondere
879 1828 967 1852 usus
990 1822 1065 1862 est,
1093 1818 1132 1851 in
1158 1817 1217 1852 his
1236 1816 1330 1851 haud
1357 1827 1441 1852 raro
1465 1822 1646 1853 sectarum
1672 1822 1829 1855 mentem
1856 1819 2042 1865 pervertit
2057 1820 2180 1866 iisque

239 1903 397 1938 alienam
422 1901 639 1935 sententiam
662 1899 846 1934 attribuit.
882 1898 1003 1944 Magis
1029 1899 1068 1932 in
1094 1897 1296 1933 moralibus
1321 1910 1428 1944 quam
1453 1898 1492 1932 in
1518 1898 1686 1946 physicis
1701 1898 1833 1936 valuit,
1869 1900 2005 1947 Magna
2032 1900 2178 1946 ingenii

237 1983 433 2019 fertilitate
454 1984 568 2026 vique
595 1980 748 2026 quadam
775 1980 1051 2024 imaginationis
1074 1982 1114 2015 in
1148 1979 1273 2016 varias
1295 1985 1415 2024 partes
1441 1985 1766 2024 argumentorum,
1798 1992 1889 2026 quae
1910 1981 2100 2026 exposuit,
2142 1986 2178 2014 et

239 2064 278 2099 iu
302 2074 451 2100 omnem
477 2060 582 2108 quasi
605 2060 828 2096 eruditionis
853 2072 1016 2107 campum
1038 2059 1294 2105 excurrentis,
1318 2060 1492 2096 memoria
1520 2060 1608 2096 item
1631 2059 1829 2097 excellenti
1853 2073 1941 2098 usus
1969 2066 2048 2107 est,
2085 2072 2177 2108 quae

237 2155 318 2179 cum
343 2153 471 2188 magna
501 2140 683 2176 industria
708 2145 744 2174 et
768 2140 942 2175 immenso
965 2140 1089 2176 studio
1115 2141 1329 2185 iuvaretur,
1359 2141 1607 2175 vastissimam
1644 2141 1680 2175 ei
1714 2141 1754 2176 in
1781 2142 1932 2188 optimis
1963 2140 2176 2187 disciplinis

236 2223 385 2269 paravit
413 2221 590 2257 lectionis
616 2220 768 2266 copiam.
810 2220 972 2255 Maxime
995 2232 1087 2256 vero
1113 2219 1288 2256 excelluit
1302 2219 1522 2255 Plutarchus
1546 2220 1701 2255 historia
1716 2222 1978 2257 conscribenda
2003 2227 2039 2257 et
2058 2226 2175 2255 aeter-

237 2314 317 2337 nam
343 2301 501 2348 gloriam
526 2301 601 2335 sibi
627 2301 774 2346 paravit
802 2300 895 2337 vitis
919 2300 1127 2346 parallelis,
1152 2301 1202 2335 ita
1229 2306 1270 2335 ut
1291 2312 1365 2336 non
1394 2300 1514 2336 solum
1539 2300 1583 2335 ab
1610 2300 1821 2346 aequalibus
1849 2308 1885 2337 et
1909 2302 2089 2349 posteris,
2111 2299 2175 2335 sed

367 2456 416 2502 ⁶⁴)
466 2455 605 2503 ,ζΌὸεν
629 2457 696 2492 οὐκ
720 2455 806 2492 οἶδα
827 2456 871 2491 τί
885 2455 1121 2494 πεπόνθασιν
1139 2460 1175 2493 οἱ
1190 2458 1261 2492 τοῦ
1286 2455 1428 2492 Λυσίου
1450 2454 1545 2504 λόγῳ
1563 2455 1732 2504 μάλιστα
1753 2456 1911 2505 φάμενοι
1927 2457 2174 2506 προςεοικέναι

235 2521 308 2557 τὸν
337 2521 522 2563 Κάτωνος.
573 2523 630 2558 Οὐ
663 2522 730 2568 μὴν
753 2522 855 2557 ἀλλὰ
890 2524 1023 2557 ταῦτα
1058 2523 1119 2569 μὲν
1144 2522 1198 2565 οἷς
1233 2523 1380 2570 μᾶλλον
1410 2523 1505 2564 ἰδέας
1537 2520 1655 2567 λόγων
1680 2523 1884 2567 Ῥωμαϊκῶν
1916 2521 2172 2557 αἰσθάνεσθαι

234 2584 406 2636 προςήκει
432 2586 718 2633 διακρινοῦσιν.“
740 2609 788 2614 -
