<?xml version="1.0" encoding="UTF-8"?>
<!DOCTYPE html PUBLIC "-//W3C//DTD XHTML 1.0 Transitional//EN"
    "http://www.w3.org/TR/xhtml1/DTD/xhtml1-transitional.dtd">
<html xmlns="http://www.w3.org/1999/xhtml" xml:lang="en" lang="en">
 <head>
  <title>
</title>
<meta http-equiv="Content-Type" content="text/html;charset=utf-8" />
  <meta name='ocr-system' content='tesseract 3.04.00' />
  <meta name='ocr-capabilities' content='ocr_page ocr_carea ocr_par ocr_line ocrx_word'/>
</head>
<body>
  <div class='ocr_page' id='page_1' title='image "./4774701_0021.png"; bbox 0 0 2436 3151; ppageno 0'>
   <div class='ocr_carea' id='block_1_1' title="bbox 1192 95 1257 144">
    <p class='ocr_par' dir='ltr' id='par_1_1' title="bbox 1192 95 1257 144">
     <span class='ocr_line' id='line_1_1' title="bbox 1192 95 1257 144; baseline -0.015 0"><span class='ocrx_word' id='word_1_1' title='bbox 1192 95 1257 144; x_wconf 79' lang='lat'><strong>15</strong></span> 
     </span>
    </p>
   </div>
   <div class='ocr_carea' id='block_1_2' title="bbox 1100 157 1341 166">
    <p class='ocr_par' dir='ltr' id='par_1_2' title="bbox 1100 157 1341 166">
     <span class='ocr_line' id='line_1_2' title="bbox 1100 157 1341 166; baseline 0 0"><span class='ocrx_word' id='word_1_2' title='bbox 1100 157 1341 166; x_wconf 95' lang='lat' dir='ltr'><strong> </strong></span> 
     </span>
    </p>
   </div>
   <div class='ocr_carea' id='block_1_3' title="bbox 255 234 2191 450">
    <p class='ocr_par' dir='ltr' id='par_1_3' title="bbox 255 234 2191 450">
     <span class='ocr_line' id='line_1_3' title="bbox 257 234 2189 288; baseline 0.002 -15"><span class='ocrx_word' id='word_1_3' title='bbox 257 236 459 274; x_wconf 72' lang='lat' dir='ltr'><strong>Plutarcho</strong></span> <span class='ocrx_word' id='word_1_4' title='bbox 492 235 670 283; x_wconf 76' lang='lat' dir='ltr'><strong>teste30),</strong></span> <span class='ocrx_word' id='word_1_5' title='bbox 704 249 786 274; x_wconf 87' lang='lat' dir='ltr'><strong>cum</strong></span> <span class='ocrx_word' id='word_1_6' title='bbox 818 237 1014 285; x_wconf 74' lang='lat' dir='ltr'><strong>aliquando</strong></span> <span class='ocrx_word' id='word_1_7' title='bbox 1038 238 1083 282; x_wconf 77' lang='lat' dir='ltr'><strong>de</strong></span> <span class='ocrx_word' id='word_1_8' title='bbox 1107 234 1262 283; x_wconf 80' lang='lat' dir='ltr'><strong>quadam</strong></span> <span class='ocrx_word' id='word_1_9' title='bbox 1289 245 1330 269; x_wconf 80' lang='lat' dir='ltr'><strong>re</strong></span> <span class='ocrx_word' id='word_1_10' title='bbox 1353 243 1542 283; x_wconf 80' lang='lat' dir='ltr'>ageretur,</span> <span class='ocrx_word' id='word_1_11' title='bbox 1578 249 1652 274; x_wconf 83' lang='lat' dir='ltr'><strong>non</strong></span> <span class='ocrx_word' id='word_1_12' title='bbox 1681 241 1785 285; x_wconf 85' lang='lat' dir='ltr'><strong>prius</strong></span> <span class='ocrx_word' id='word_1_13' title='bbox 1816 241 1939 276; x_wconf 82' lang='lat' dir='ltr'>dicere</span> <span class='ocrx_word' id='word_1_14' title='bbox 1975 241 2056 276; x_wconf 85' lang='lat' dir='ltr'><strong>ausi</strong></span> <span class='ocrx_word' id='word_1_15' title='bbox 2091 248 2189 288; x_wconf 87' lang='lat' dir='ltr'><strong>sunt,</strong></span> 
     </span>
     <span class='ocr_line' id='line_1_4' title="bbox 255 315 2190 369; baseline 0.002 -15"><span class='ocrx_word' id='word_1_16' title='bbox 255 329 364 364; x_wconf 62' lang='lat' dir='ltr'><strong>qum</strong></span> <span class='ocrx_word' id='word_1_17' title='bbox 380 317 601 354; x_wconf 67' lang='lat' dir='ltr'><strong>Amnius</strong></span> <span class='ocrx_word' id='word_1_18' title='bbox 624 319 858 354; x_wconf 77' lang='lat' dir='ltr'><strong>securitatem</strong></span> <span class='ocrx_word' id='word_1_19' title='bbox 873 318 1038 354; x_wconf 72' lang='lat' dir='ltr'><strong>ostendit</strong></span> <span class='ocrx_word' id='word_1_20' title='bbox 1061 329 1102 353; x_wconf 84' lang='lat' dir='ltr'><strong>ac</strong></span> <span class='ocrx_word' id='word_1_21' title='bbox 1124 315 1322 363; x_wconf 83' lang='lat' dir='ltr'><strong>pollicitus</strong></span> <span class='ocrx_word' id='word_1_22' title='bbox 1347 323 1412 362; x_wconf 84' lang='lat' dir='ltr'><strong>est,</strong></span> <span class='ocrx_word' id='word_1_23' title='bbox 1435 320 1529 355; x_wconf 87' lang='lat' dir='ltr'><strong>nihil</strong></span> <span class='ocrx_word' id='word_1_24' title='bbox 1555 331 1593 355; x_wconf 88' lang='lat' dir='ltr'><strong>se</strong></span> <span class='ocrx_word' id='word_1_25' title='bbox 1613 320 1797 358; x_wconf 85' lang='lat' dir='ltr'><strong>dicturum</strong></span> <span class='ocrx_word' id='word_1_26' title='bbox 1819 322 1995 356; x_wconf 81' lang='lat' dir='ltr'><strong>adversus</strong></span> <span class='ocrx_word' id='word_1_27' title='bbox 2018 334 2072 367; x_wconf 89' lang='lat' dir='ltr'><strong>ea,</strong></span> <span class='ocrx_word' id='word_1_28' title='bbox 2100 334 2190 369; x_wconf 89' lang='lat' dir='ltr'><strong>quae</strong></span> 
     </span>
     <span class='ocr_line' id='line_1_5' title="bbox 263 398 2191 450; baseline 0.003 -16"><span class='ocrx_word' id='word_1_29' title='bbox 263 398 472 449; x_wconf 72' lang='lat' dir='ltr'><strong>praeposita</strong></span> <span class='ocrx_word' id='word_1_30' title='bbox 497 404 628 437; x_wconf 69' lang='lat' dir='ltr'><strong>essent.</strong></span> <span class='ocrx_word' id='word_1_31' title='bbox 651 399 924 436; x_wconf 80' lang='lat' dir='ltr'><strong>Mathematicis</strong></span> <span class='ocrx_word' id='word_1_32' title='bbox 948 405 1087 445; x_wconf 86' lang='lat' dir='ltr'><strong>quoque</strong></span> <span class='ocrx_word' id='word_1_33' title='bbox 1113 408 1259 444; x_wconf 87' lang='lat' dir='ltr'><strong>operam</strong></span> <span class='ocrx_word' id='word_1_34' title='bbox 1292 398 1448 433; x_wconf 85' lang='lat' dir='ltr'><strong>navabat</strong></span> <span class='ocrx_word' id='word_1_35' title='bbox 1469 401 1706 445; x_wconf 88' lang='lat' dir='ltr'><strong>Ammonius,</strong></span> <span class='ocrx_word' id='word_1_36' title='bbox 1733 402 1816 445; x_wconf 83' lang='lat' dir='ltr'><strong>quia</strong></span> <span class='ocrx_word' id='word_1_37' title='bbox 1833 400 2087 448; x_wconf 77' lang='lat' dir='ltr'>philosophiae</span> <span class='ocrx_word' id='word_1_38' title='bbox 2106 414 2191 450; x_wconf 85' lang='lat' dir='ltr'><strong>par-</strong></span> 
     </span>
    </p>
   </div>
   <div class='ocr_carea' id='block_1_4' title="bbox 253 478 1714 526">
    <p class='ocr_par' dir='ltr' id='par_1_4' title="bbox 253 478 1714 526">
     <span class='ocr_line' id='line_1_6' title="bbox 253 478 1714 526; baseline 0.001 -11"><span class='ocrx_word' id='word_1_39' title='bbox 253 484 327 515; x_wconf 69' lang='lat' dir='ltr'><strong>tem</strong></span> <span class='ocrx_word' id='word_1_40' title='bbox 347 489 569 525; x_wconf 71' lang='lat' dir='ltr'><strong>nequaquam</strong></span> <span class='ocrx_word' id='word_1_41' title='bbox 596 480 892 514; x_wconf 70' lang='lat' dir='ltr'><strong>contemnendam</strong></span> <span class='ocrx_word' id='word_1_42' title='bbox 917 481 956 514; x_wconf 90' lang='lat' dir='ltr'><strong>in</strong></span> <span class='ocrx_word' id='word_1_43' title='bbox 985 478 1249 514; x_wconf 83' lang='lat' dir='ltr'><strong>mathematicis</strong></span> <span class='ocrx_word' id='word_1_44' title='bbox 1278 479 1401 523; x_wconf 81' lang='lat' dir='ltr'><strong>posuit</strong></span> <span class='ocrx_word' id='word_1_45' title='bbox 1426 480 1638 526; x_wconf 88' lang='lat' dir='ltr'><strong>disciplinis</strong></span> <span class='ocrx_word' id='word_1_46' title='bbox 1651 481 1714 525; x_wconf 81' lang='lat'><strong>³⁹).</strong></span> 
     </span>
    </p>
   </div>
   <div class='ocr_carea' id='block_1_5' title="bbox 250 574 2192 1345">
    <p class='ocr_par' dir='ltr' id='par_1_5' title="bbox 250 574 2192 1345">
     <span class='ocr_line' id='line_1_7' title="bbox 398 574 2191 624; baseline 0.002 -14"><span class='ocrx_word' id='word_1_47' title='bbox 398 574 476 619; x_wconf 88' lang='lat' dir='ltr'><strong>Qua</strong></span> <span class='ocrx_word' id='word_1_48' title='bbox 504 575 647 610; x_wconf 83' lang='lat' dir='ltr'><strong>ratione</strong></span> <span class='ocrx_word' id='word_1_49' title='bbox 680 586 769 610; x_wconf 86' lang='lat' dir='ltr'><strong>usus</strong></span> <span class='ocrx_word' id='word_1_50' title='bbox 792 574 843 610; x_wconf 85' lang='lat' dir='ltr'><strong>sit</strong></span> <span class='ocrx_word' id='word_1_51' title='bbox 869 576 1087 613; x_wconf 87' lang='lat' dir='ltr'><strong>Ammonius</strong></span> <span class='ocrx_word' id='word_1_52' title='bbox 1113 578 1153 611; x_wconf 86' lang='lat' dir='ltr'><strong>in</strong></span> <span class='ocrx_word' id='word_1_53' title='bbox 1182 575 1377 621; x_wconf 86' lang='lat' dir='ltr'><strong>puniendis</strong></span> <span class='ocrx_word' id='word_1_54' title='bbox 1411 576 1628 624; x_wconf 85' lang='lat' dir='ltr'><strong>discipulis,</strong></span> <span class='ocrx_word' id='word_1_55' title='bbox 1663 578 1729 623; x_wconf 85' lang='lat' dir='ltr'><strong>qui</strong></span> <span class='ocrx_word' id='word_1_56' title='bbox 1762 577 1892 613; x_wconf 88' lang='lat' dir='ltr'><strong>delicta</strong></span> <span class='ocrx_word' id='word_1_57' title='bbox 1917 582 2191 623; x_wconf 81' lang='lat' dir='ltr'><strong>commiserant,</strong></span> 
     </span>
     <span class='ocr_line' id='line_1_8' title="bbox 255 635 2191 704; baseline 0.003 -15"><span class='ocrx_word' id='word_1_58' title='bbox 255 635 299 689; x_wconf 78' lang='lat' dir='ltr'><strong>ex</strong></span> <span class='ocrx_word' id='word_1_59' title='bbox 321 653 419 690; x_wconf 87' lang='lat' dir='ltr'><strong>libro</strong></span> <span class='ocrx_word' id='word_1_60' title='bbox 448 654 619 689; x_wconf 81' lang='lat' dir='ltr'><strong>videmus</strong></span> <span class='ocrx_word' id='word_1_61' title='bbox 652 655 695 690; x_wconf 87' lang='lat' dir='ltr'><strong>de</strong></span> <span class='ocrx_word' id='word_1_62' title='bbox 720 653 890 692; x_wconf 84' lang='lat' dir='ltr'><strong>adulator</strong></span> <span class='ocrx_word' id='word_1_63' title='bbox 925 660 961 690; x_wconf 86' lang='lat' dir='ltr'><strong>et</strong></span> <span class='ocrx_word' id='word_1_64' title='bbox 985 657 1100 691; x_wconf 88' lang='lat' dir='ltr'><strong>amico</strong></span> <span class='ocrx_word' id='word_1_65' title='bbox 1130 667 1204 702; x_wconf 84' lang='lat' dir='ltr'><strong>cap.</strong></span> <span class='ocrx_word' id='word_1_66' title='bbox 1230 657 1313 701; x_wconf 87' lang='lat'>31.‚</span> <span class='ocrx_word' id='word_1_67' title='bbox 1341 656 1536 692; x_wconf 78' lang='lat' dir='ltr'><strong>Plutarcho</strong></span> <span class='ocrx_word' id='word_1_68' title='bbox 1562 657 1726 692; x_wconf 87' lang='lat' dir='ltr'><strong>dicente:</strong></span> <span class='ocrx_word' id='word_1_69' title='bbox 1764 657 1981 694; x_wconf 87' lang='lat' dir='ltr'><strong>Ammonius</strong></span> <span class='ocrx_word' id='word_1_70' title='bbox 2015 661 2191 704; x_wconf 83' lang='lat' dir='ltr'><strong>magister</strong></span> 
     </span>
     <span class='ocr_line' id='line_1_9' title="bbox 252 734 2190 785; baseline 0.003 -15"><span class='ocrx_word' id='word_1_71' title='bbox 252 740 382 770; x_wconf 83' lang='lat' dir='ltr'><strong>noster</strong></span> <span class='ocrx_word' id='word_1_72' title='bbox 401 739 437 770; x_wconf 83' lang='lat' dir='ltr'><strong>et</strong></span> <span class='ocrx_word' id='word_1_73' title='bbox 465 734 683 778; x_wconf 82' lang='lat' dir='ltr'><strong>institutor,</strong></span> <span class='ocrx_word' id='word_1_74' title='bbox 717 749 797 772; x_wconf 90' lang='lat' dir='ltr'><strong>cum</strong></span> <span class='ocrx_word' id='word_1_75' title='bbox 834 738 870 772; x_wconf 91' lang='lat' dir='ltr'><strong>in</strong></span> <span class='ocrx_word' id='word_1_76' title='bbox 895 737 1148 783; x_wconf 88' lang='lat' dir='ltr'><strong>pomeridiano</strong></span> <span class='ocrx_word' id='word_1_77' title='bbox 1186 748 1382 783; x_wconf 84' lang='lat' dir='ltr'><strong>congressu</strong></span> <span class='ocrx_word' id='word_1_78' title='bbox 1406 738 1751 783; x_wconf 84' lang='lat' dir='ltr'><strong>animadvertisset,</strong></span> <span class='ocrx_word' id='word_1_79' title='bbox 1782 738 1984 784; x_wconf 89' lang='lat' dir='ltr'><strong>discipulos</strong></span> <span class='ocrx_word' id='word_1_80' title='bbox 2018 740 2190 785; x_wconf 90' lang='lat' dir='ltr'><strong>quosdam</strong></span> 
     </span>
     <span class='ocr_line' id='line_1_10' title="bbox 251 813 2189 864; baseline 0.002 -13"><span class='ocrx_word' id='word_1_81' title='bbox 251 825 338 851; x_wconf 81' lang='lat' dir='ltr'><strong>usos</strong></span> <span class='ocrx_word' id='word_1_82' title='bbox 362 825 439 850; x_wconf 83' lang='lat' dir='ltr'><strong>esse</strong></span> <span class='ocrx_word' id='word_1_83' title='bbox 460 813 615 860; x_wconf 88' lang='lat' dir='ltr'><strong>prandio</strong></span> <span class='ocrx_word' id='word_1_84' title='bbox 645 828 719 853; x_wconf 87' lang='lat' dir='ltr'><strong>non</strong></span> <span class='ocrx_word' id='word_1_85' title='bbox 746 815 935 864; x_wconf 72' lang='lat' dir='ltr'><strong>simplici,</strong></span> <span class='ocrx_word' id='word_1_86' title='bbox 961 829 1110 863; x_wconf 87' lang='lat' dir='ltr'><strong>puerum</strong></span> <span class='ocrx_word' id='word_1_87' title='bbox 1137 828 1241 853; x_wconf 88' lang='lat' dir='ltr'><strong>suum</strong></span> <span class='ocrx_word' id='word_1_88' title='bbox 1268 828 1287 852; x_wconf 92' lang='lat' dir='ltr'><strong>a</strong></span> <span class='ocrx_word' id='word_1_89' title='bbox 1319 816 1454 853; x_wconf 84' lang='lat' dir='ltr'><strong>liberto</strong></span> <span class='ocrx_word' id='word_1_90' title='bbox 1488 816 1684 853; x_wconf 85' lang='lat' dir='ltr'><strong>verberari</strong></span> <span class='ocrx_word' id='word_1_91' title='bbox 1718 817 1847 860; x_wconf 88' lang='lat' dir='ltr'><strong>jussit,</strong></span> <span class='ocrx_word' id='word_1_92' title='bbox 1879 830 2019 854; x_wconf 87' lang='lat' dir='ltr'><strong>causam</strong></span> <span class='ocrx_word' id='word_1_93' title='bbox 2043 819 2189 864; x_wconf 88' lang='lat' dir='ltr'><strong>addens,</strong></span> 
     </span>
     <span class='ocr_line' id='line_1_11' title="bbox 251 894 2190 944; baseline 0.002 -15"><span class='ocrx_word' id='word_1_94' title='bbox 251 894 348 941; x_wconf 84' lang='lat' dir='ltr'><strong>quod</strong></span> <span class='ocrx_word' id='word_1_95' title='bbox 371 894 452 930; x_wconf 84' lang='lat' dir='ltr'><strong>siue</strong></span> <span class='ocrx_word' id='word_1_96' title='bbox 477 900 578 930; x_wconf 88' lang='lat' dir='ltr'><strong>aceto</strong></span> <span class='ocrx_word' id='word_1_97' title='bbox 602 896 778 942; x_wconf 86' lang='lat' dir='ltr'><strong>prandere</strong></span> <span class='ocrx_word' id='word_1_98' title='bbox 801 902 1045 942; x_wconf 76' lang='lat' dir='ltr'><strong>non‘posset3</strong></span> <span class='ocrx_word' id='word_1_99' title='bbox 1070 897 1250 944; x_wconf 88' lang='lat' dir='ltr'><strong>simulque</strong></span> <span class='ocrx_word' id='word_1_100' title='bbox 1276 899 1315 931; x_wconf 90' lang='lat' dir='ltr'><strong>in</strong></span> <span class='ocrx_word' id='word_1_101' title='bbox 1341 910 1411 934; x_wconf 92' lang='lat' dir='ltr'><strong>nos</strong></span> <span class='ocrx_word' id='word_1_102' title='bbox 1438 897 1544 932; x_wconf 84' lang='lat' dir='ltr'><strong>flexit</strong></span> <span class='ocrx_word' id='word_1_103' title='bbox 1566 897 1704 941; x_wconf 87' lang='lat' dir='ltr'><strong>oculos,</strong></span> <span class='ocrx_word' id='word_1_104' title='bbox 1735 898 1785 932; x_wconf 87' lang='lat' dir='ltr'><strong>ita</strong></span> <span class='ocrx_word' id='word_1_105' title='bbox 1811 902 1852 932; x_wconf 85' lang='lat' dir='ltr'><strong>ut</strong></span> <span class='ocrx_word' id='word_1_106' title='bbox 1878 897 1964 932; x_wconf 85' lang='lat' dir='ltr'><strong>haec</strong></span> <span class='ocrx_word' id='word_1_107' title='bbox 1987 899 2190 944; x_wconf 81' lang='lat' dir='ltr'><strong>increpatio</strong></span> 
     </span>
     <span class='ocr_line' id='line_1_12' title="bbox 251 975 2192 1024; baseline 0.003 -13"><span class='ocrx_word' id='word_1_108' title='bbox 251 986 335 1011; x_wconf 85' lang='lat' dir='ltr'><strong>reos</strong></span> <span class='ocrx_word' id='word_1_109' title='bbox 356 977 534 1022; x_wconf 85' lang='lat' dir='ltr'><strong>tetigerit.</strong></span> <span class='ocrx_word' id='word_1_110' title='bbox 562 975 755 1020; x_wconf 82' lang='lat' dir='ltr'><strong>Quomodo</strong></span> <span class='ocrx_word' id='word_1_111' title='bbox 783 977 1005 1022; x_wconf 86' lang='lat' dir='ltr'><strong>instituerit,</strong></span> <span class='ocrx_word' id='word_1_112' title='bbox 1027 978 1229 1024; x_wconf 81' lang='lat' dir='ltr'><strong>exemplum</strong></span> <span class='ocrx_word' id='word_1_113' title='bbox 1255 978 1361 1013; x_wconf 84' lang='lat' dir='ltr'><strong>nobis</strong></span> <span class='ocrx_word' id='word_1_114' title='bbox 1380 978 1486 1013; x_wconf 84' lang='lat' dir='ltr'><strong>affert</strong></span> <span class='ocrx_word' id='word_1_115' title='bbox 1510 977 1730 1013; x_wconf 83' lang='lat' dir='ltr'><strong>Plutarchus</strong></span> <span class='ocrx_word' id='word_1_116' title='bbox 1754 979 1792 1012; x_wconf 92' lang='lat' dir='ltr'><strong>in</strong></span> <span class='ocrx_word' id='word_1_117' title='bbox 1820 978 1968 1022; x_wconf 88' lang='lat' dir='ltr'><strong>Quaest.</strong></span> <span class='ocrx_word' id='word_1_118' title='bbox 1989 991 2100 1016; x_wconf 89' lang='lat' dir='ltr'><strong>conv.</strong></span> <span class='ocrx_word' id='word_1_119' title='bbox 2125 979 2192 1016; x_wconf 89' lang='lat' dir='ltr'><strong>lib.</strong></span> 
     </span>
     <span class='ocr_line' id='line_1_13' title="bbox 252 1055 2188 1104; baseline 0.001 -12"><span class='ocrx_word' id='word_1_120' title='bbox 252 1055 325 1093; x_wconf 88' lang='lat'>111.</span> <span class='ocrx_word' id='word_1_121' title='bbox 350 1062 484 1102; x_wconf 85' lang='lat' dir='ltr'><strong>quaest.</strong></span> <span class='ocrx_word' id='word_1_122' title='bbox 511 1057 542 1094; x_wconf 91' lang='lat'><strong>1.</strong></span> <span class='ocrx_word' id='word_1_123' title='bbox 570 1070 645 1104; x_wconf 88' lang='lat' dir='ltr'><strong>cap.</strong></span> <span class='ocrx_word' id='word_1_124' title='bbox 670 1059 705 1094; x_wconf 87' lang='lat'><strong>2.</strong></span> <span class='ocrx_word' id='word_1_125' title='bbox 732 1056 769 1102; x_wconf 67' lang='grc' dir='ltr'><strong>ξ.</strong></span> <span class='ocrx_word' id='word_1_126' title='bbox 795 1061 843 1102; x_wconf 87' lang='grc'><strong>1.,</strong></span> <span class='ocrx_word' id='word_1_127' title='bbox 879 1057 944 1092; x_wconf 89' lang='lat' dir='ltr'><strong>ubi</strong></span> <span class='ocrx_word' id='word_1_128' title='bbox 962 1057 1180 1094; x_wconf 85' lang='lat' dir='ltr'><strong>Ammonius</strong></span> <span class='ocrx_word' id='word_1_129' title='bbox 1204 1057 1339 1092; x_wconf 88' lang='lat' dir='ltr'><strong>irridet</strong></span> <span class='ocrx_word' id='word_1_130' title='bbox 1359 1070 1462 1093; x_wconf 92' lang='lat' dir='ltr'><strong>usum</strong></span> <span class='ocrx_word' id='word_1_131' title='bbox 1488 1059 1599 1094; x_wconf 87' lang='lat' dir='ltr'><strong>sertis</strong></span> <span class='ocrx_word' id='word_1_132' title='bbox 1622 1058 1806 1093; x_wconf 87' lang='lat' dir='ltr'><strong>ornandae</strong></span> <span class='ocrx_word' id='word_1_133' title='bbox 1833 1070 1965 1103; x_wconf 87' lang='lat' dir='ltr'><strong>comae,</strong></span> <span class='ocrx_word' id='word_1_134' title='bbox 2002 1065 2038 1094; x_wconf 87' lang='lat' dir='ltr'><strong>et</strong></span> <span class='ocrx_word' id='word_1_135' title='bbox 2064 1059 2188 1095; x_wconf 89' lang='lat' dir='ltr'><strong>adole-</strong></span> 
     </span>
     <span class='ocr_line' id='line_1_14' title="bbox 250 1136 2192 1184; baseline 0.001 -12"><span class='ocrx_word' id='word_1_136' title='bbox 250 1142 392 1173; x_wconf 82' lang='lat' dir='ltr'><strong>scentes</strong></span> <span class='ocrx_word' id='word_1_137' title='bbox 417 1137 578 1183; x_wconf 83' lang='lat' dir='ltr'><strong>quidam,</strong></span> <span class='ocrx_word' id='word_1_138' title='bbox 613 1137 678 1184; x_wconf 92' lang='lat' dir='ltr'><strong>qui</strong></span> <span class='ocrx_word' id='word_1_139' title='bbox 705 1149 786 1173; x_wconf 88' lang='lat' dir='ltr'><strong>cum</strong></span> <span class='ocrx_word' id='word_1_140' title='bbox 810 1136 1009 1174; x_wconf 90' lang='lat' dir='ltr'><strong>Ammonio</strong></span> <span class='ocrx_word' id='word_1_141' title='bbox 1037 1150 1111 1173; x_wconf 89' lang='lat' dir='ltr'><strong>non</strong></span> <span class='ocrx_word' id='word_1_142' title='bbox 1138 1141 1419 1182; x_wconf 82' lang='lat' dir='ltr'><strong>consueverant,</strong></span> <span class='ocrx_word' id='word_1_143' title='bbox 1457 1138 1680 1184; x_wconf 84' lang='lat' dir='ltr'><strong>perturbati,</strong></span> <span class='ocrx_word' id='word_1_144' title='bbox 1709 1142 1804 1174; x_wconf 83' lang='lat' dir='ltr'><strong>serta</strong></span> <span class='ocrx_word' id='word_1_145' title='bbox 1830 1137 2003 1184; x_wconf 88' lang='lat' dir='ltr'><strong>paulatim</strong></span> <span class='ocrx_word' id='word_1_146' title='bbox 2030 1139 2192 1174; x_wconf 81' lang='lat' dir='ltr'><strong>detraxe-</strong></span> 
     </span>
     <span class='ocr_line' id='line_1_15' title="bbox 250 1216 2191 1264; baseline -0.001 -10"><span class='ocrx_word' id='word_1_147' title='bbox 250 1224 348 1255; x_wconf 86' lang='lat' dir='ltr'><strong>runt.</strong></span> <span class='ocrx_word' id='word_1_148' title='bbox 372 1218 464 1264; x_wconf 56' lang='lat' dir='ltr'><strong>‘Ego</strong></span> <span class='ocrx_word' id='word_1_149' title='bbox 492 1223 624 1263; x_wconf 88' lang='lat' dir='ltr'><strong>autem,</strong></span> <span class='ocrx_word' id='word_1_150' title='bbox 651 1218 775 1263; x_wconf 85' lang='lat' dir='ltr'><strong>iuquit</strong></span> <span class='ocrx_word' id='word_1_151' title='bbox 800 1216 1033 1263; x_wconf 76' lang='lat' dir='ltr'><strong>Plutarchus,</strong></span> <span class='ocrx_word' id='word_1_152' title='bbox 1060 1218 1124 1264; x_wconf 89' lang='lat' dir='ltr'><strong>qui</strong></span> <span class='ocrx_word' id='word_1_153' title='bbox 1149 1218 1295 1261; x_wconf 84' lang='lat' dir='ltr'><strong>scirem,</strong></span> <span class='ocrx_word' id='word_1_154' title='bbox 1323 1218 1601 1254; x_wconf 77' lang='lat' dir='ltr'><strong>exercitationis</strong></span> <span class='ocrx_word' id='word_1_155' title='bbox 1625 1230 1731 1253; x_wconf 88' lang='lat' dir='ltr'><strong>causa</strong></span> <span class='ocrx_word' id='word_1_156' title='bbox 1757 1223 1794 1252; x_wconf 89' lang='lat' dir='ltr'><strong>et</strong></span> <span class='ocrx_word' id='word_1_157' title='bbox 1821 1218 2082 1263; x_wconf 83' lang='lat' dir='ltr'><strong>disputationis</strong></span> <span class='ocrx_word' id='word_1_158' title='bbox 2107 1219 2191 1253; x_wconf 84' lang='lat' dir='ltr'><strong>haec</strong></span> 
     </span>
     <span class='ocr_line' id='line_1_16' title="bbox 250 1296 2192 1345; baseline -0.001 -11"><span class='ocrx_word' id='word_1_159' title='bbox 250 1299 293 1334; x_wconf 87' lang='lat' dir='ltr'><strong>ab</strong></span> <span class='ocrx_word' id='word_1_160' title='bbox 317 1310 359 1334; x_wconf 90' lang='lat' dir='ltr'><strong>eo</strong></span> <span class='ocrx_word' id='word_1_161' title='bbox 383 1298 424 1334; x_wconf 86' lang='lat' dir='ltr'><strong>in</strong></span> <span class='ocrx_word' id='word_1_162' title='bbox 449 1298 606 1334; x_wconf 88' lang='lat' dir='ltr'><strong>medium</strong></span> <span class='ocrx_word' id='word_1_163' title='bbox 629 1298 838 1344; x_wconf 85' lang='lat' dir='ltr'><strong>proposita,</strong></span> <span class='ocrx_word' id='word_1_164' title='bbox 871 1298 1106 1345; x_wconf 83' lang='lat' dir='ltr'><strong>Tryphonem</strong></span> <span class='ocrx_word' id='word_1_165' title='bbox 1134 1296 1354 1344; x_wconf 86' lang='lat' dir='ltr'><strong>compellavi</strong></span> <span class='ocrx_word' id='word_1_166' title='bbox 1380 1303 1449 1337; x_wconf 85' lang='lat' dir='ltr'><strong>etc.</strong></span> <span class='ocrx_word' id='word_1_167' title='bbox 1475 1321 1518 1328; x_wconf 91' lang='lat'>—</span> <span class='ocrx_word' id='word_1_168' title='bbox 1544 1298 1700 1334; x_wconf 87' lang='lat' dir='ltr'><strong>Athenis</strong></span> <span class='ocrx_word' id='word_1_169' title='bbox 1725 1298 1925 1333; x_wconf 88' lang='lat' dir='ltr'><strong>identidem</strong></span> <span class='ocrx_word' id='word_1_170' title='bbox 1947 1304 2095 1344; x_wconf 88' lang='lat' dir='ltr'><strong>praetor</strong></span> <span class='ocrx_word' id='word_1_171' title='bbox 2120 1299 2192 1334; x_wconf 80' lang='lat' dir='ltr'><strong>fuit</strong></span> 
     </span>
    </p>
   </div>
   <div class='ocr_carea' id='block_1_6' title="bbox 249 1377 1020 1423">
    <p class='ocr_par' dir='ltr' id='par_1_6' title="bbox 249 1377 1020 1423">
     <span class='ocr_line' id='line_1_17' title="bbox 249 1377 1020 1423; baseline 0 -9"><span class='ocrx_word' id='word_1_172' title='bbox 249 1379 482 1420; x_wconf 88' lang='lat' dir='ltr'><strong>Ammonius,</strong></span> <span class='ocrx_word' id='word_1_173' title='bbox 506 1383 549 1412; x_wconf 90' lang='lat' dir='ltr'><strong>ut</strong></span> <span class='ocrx_word' id='word_1_174' title='bbox 572 1377 792 1413; x_wconf 82' lang='lat' dir='ltr'><strong>Plutarchus</strong></span> <span class='ocrx_word' id='word_1_175' title='bbox 816 1383 942 1412; x_wconf 87' lang='lat' dir='ltr'><strong>narrat</strong></span> <span class='ocrx_word' id='word_1_176' title='bbox 956 1380 1020 1423; x_wconf 78' lang='lat'>⁴⁰).</span> 
     </span>
    </p>
   </div>
   <div class='ocr_carea' id='block_1_7' title="bbox 392 1474 2187 1519">
    <p class='ocr_par' dir='ltr' id='par_1_7' title="bbox 392 1474 2187 1519">
     <span class='ocr_line' id='line_1_18' title="bbox 392 1474 2187 1519; baseline 0.001 -11"><span class='ocrx_word' id='word_1_177' title='bbox 392 1475 448 1508; x_wconf 86' lang='lat' dir='ltr'><strong>Ex</strong></span> <span class='ocrx_word' id='word_1_178' title='bbox 473 1486 544 1519; x_wconf 90' lang='lat' dir='ltr'><strong>quo</strong></span> <span class='ocrx_word' id='word_1_179' title='bbox 568 1475 696 1509; x_wconf 87' lang='lat' dir='ltr'><strong>aetatis</strong></span> <span class='ocrx_word' id='word_1_180' title='bbox 722 1486 817 1508; x_wconf 87' lang='lat' dir='ltr'><strong>anno</strong></span> <span class='ocrx_word' id='word_1_181' title='bbox 843 1479 879 1508; x_wconf 84' lang='lat' dir='ltr'><strong>et</strong></span> <span class='ocrx_word' id='word_1_182' title='bbox 902 1475 1074 1519; x_wconf 87' lang='lat' dir='ltr'><strong>quamdiu</strong></span> <span class='ocrx_word' id='word_1_183' title='bbox 1095 1474 1295 1509; x_wconf 89' lang='lat' dir='ltr'><strong>Ammonio</strong></span> <span class='ocrx_word' id='word_1_184' title='bbox 1319 1474 1532 1508; x_wconf 87' lang='lat' dir='ltr'><strong>institutore</strong></span> <span class='ocrx_word' id='word_1_185' title='bbox 1566 1486 1654 1508; x_wconf 86' lang='lat' dir='ltr'><strong>usus</strong></span> <span class='ocrx_word' id='word_1_186' title='bbox 1677 1474 1751 1518; x_wconf 84' lang='lat' dir='ltr'><strong>sit,</strong></span> <span class='ocrx_word' id='word_1_187' title='bbox 1774 1475 1966 1509; x_wconf 86' lang='lat' dir='ltr'><strong>nescimus.</strong></span> <span class='ocrx_word' id='word_1_188' title='bbox 2017 1474 2187 1509; x_wconf 85' lang='lat' dir='ltr'><strong>Attamen</strong></span> 
     </span>
    </p>
   </div>
   <div class='ocr_carea' id='block_1_8' title="bbox 250 1552 2106 1600">
    <p class='ocr_par' dir='ltr' id='par_1_8' title="bbox 250 1552 2106 1600">
     <span class='ocr_line' id='line_1_19' title="bbox 250 1552 2106 1600; baseline 0 -10"><span class='ocrx_word' id='word_1_189' title='bbox 250 1554 459 1590; x_wconf 87' lang='lat' dir='ltr'><strong>verisimile</strong></span> <span class='ocrx_word' id='word_1_190' title='bbox 487 1559 554 1598; x_wconf 82' lang='lat' dir='ltr'><strong>est,</strong></span> <span class='ocrx_word' id='word_1_191' title='bbox 580 1552 818 1591; x_wconf 87' lang='lat' dir='ltr'><strong>Plutarchum</strong></span> <span class='ocrx_word' id='word_1_192' title='bbox 842 1554 939 1591; x_wconf 86' lang='lat' dir='ltr'><strong>ultra</strong></span> <span class='ocrx_word' id='word_1_193' title='bbox 963 1559 986 1594; x_wconf 92' lang='lat'>5</span> <span class='ocrx_word' id='word_1_194' title='bbox 1010 1554 1073 1592; x_wconf 86' lang='lat' dir='ltr'><strong>vel</strong></span> <span class='ocrx_word' id='word_1_195' title='bbox 1099 1557 1121 1591; x_wconf 89' lang='lat'><strong>6</strong></span> <span class='ocrx_word' id='word_1_196' title='bbox 1149 1566 1262 1589; x_wconf 90' lang='lat' dir='ltr'><strong>annos</strong></span> <span class='ocrx_word' id='word_1_197' title='bbox 1286 1554 1379 1600; x_wconf 87' lang='lat' dir='ltr'><strong>apud</strong></span> <span class='ocrx_word' id='word_1_198' title='bbox 1403 1554 1641 1590; x_wconf 89' lang='lat' dir='ltr'><strong>Ammonium</strong></span> <span class='ocrx_word' id='word_1_199' title='bbox 1666 1555 1823 1590; x_wconf 84' lang='lat' dir='ltr'><strong>Athenis</strong></span> <span class='ocrx_word' id='word_1_200' title='bbox 1848 1567 1923 1591; x_wconf 90' lang='lat' dir='ltr'><strong>non</strong></span> <span class='ocrx_word' id='word_1_201' title='bbox 1949 1555 2106 1590; x_wconf 86' lang='lat' dir='ltr'><strong>vixisse.</strong></span> 
     </span>
    </p>
   </div>
   <div class='ocr_carea' id='block_1_9' title="bbox 248 1649 2193 1939">
    <p class='ocr_par' dir='ltr' id='par_1_9' title="bbox 248 1649 2193 1939">
     <span class='ocr_line' id='line_1_20' title="bbox 393 1649 2193 1698; baseline 0 -12"><span class='ocrx_word' id='word_1_202' title='bbox 393 1650 493 1687; x_wconf 90' lang='lat' dir='ltr'><strong>Num</strong></span> <span class='ocrx_word' id='word_1_203' title='bbox 518 1650 740 1687; x_wconf 87' lang='lat' dir='ltr'><strong>Plutarchus</strong></span> <span class='ocrx_word' id='word_1_204' title='bbox 765 1651 858 1686; x_wconf 88' lang='lat' dir='ltr'><strong>alios</strong></span> <span class='ocrx_word' id='word_1_205' title='bbox 883 1663 1024 1698; x_wconf 88' lang='lat' dir='ltr'><strong>quoque</strong></span> <span class='ocrx_word' id='word_1_206' title='bbox 1051 1655 1306 1698; x_wconf 83' lang='lat' dir='ltr'><strong>praeceptores</strong></span> <span class='ocrx_word' id='word_1_207' title='bbox 1331 1649 1519 1694; x_wconf 83' lang='lat' dir='ltr'><strong>habuerit,</strong></span> <span class='ocrx_word' id='word_1_208' title='bbox 1545 1655 1581 1685; x_wconf 82' lang='lat' dir='ltr'><strong>et</strong></span> <span class='ocrx_word' id='word_1_209' title='bbox 1610 1662 1780 1697; x_wconf 89' lang='lat' dir='ltr'><strong>quasnam</strong></span> <span class='ocrx_word' id='word_1_210' title='bbox 1807 1649 2023 1697; x_wconf 87' lang='lat' dir='ltr'><strong>disciplinas</strong></span> <span class='ocrx_word' id='word_1_211' title='bbox 2046 1657 2193 1697; x_wconf 82' lang='lat' dir='ltr'><strong>praeter</strong></span> 
     </span>
     <span class='ocr_line' id='line_1_21' title="bbox 249 1731 2191 1780; baseline -0.001 -14"><span class='ocrx_word' id='word_1_212' title='bbox 249 1731 522 1780; x_wconf 86' lang='lat' dir='ltr'><strong>philosophiam</strong></span> <span class='ocrx_word' id='word_1_213' title='bbox 546 1736 582 1766; x_wconf 89' lang='lat' dir='ltr'><strong>et</strong></span> <span class='ocrx_word' id='word_1_214' title='bbox 607 1732 859 1767; x_wconf 86' lang='lat' dir='ltr'><strong>mathematica</strong></span> <span class='ocrx_word' id='word_1_215' title='bbox 885 1732 1034 1766; x_wconf 88' lang='lat' dir='ltr'><strong>edoctus</strong></span> <span class='ocrx_word' id='word_1_216' title='bbox 1059 1732 1123 1775; x_wconf 88' lang='lat' dir='ltr'><strong>sit,</strong></span> <span class='ocrx_word' id='word_1_217' title='bbox 1152 1732 1317 1776; x_wconf 81' lang='lat' dir='ltr'><strong>ignotum</strong></span> <span class='ocrx_word' id='word_1_218' title='bbox 1343 1736 1410 1767; x_wconf 88' lang='lat' dir='ltr'><strong>est.</strong></span> <span class='ocrx_word' id='word_1_219' title='bbox 1460 1732 1539 1766; x_wconf 87' lang='lat' dir='ltr'><strong>Vix</strong></span> <span class='ocrx_word' id='word_1_220' title='bbox 1565 1732 1799 1775; x_wconf 85' lang='lat' dir='ltr'><strong>crediderim,</strong></span> <span class='ocrx_word' id='word_1_221' title='bbox 1835 1731 2076 1767; x_wconf 86' lang='lat' dir='ltr'><strong>Plutarchum</strong></span> <span class='ocrx_word' id='word_1_222' title='bbox 2103 1731 2191 1766; x_wconf 87' lang='lat' dir='ltr'><strong>aliis</strong></span> 
     </span>
     <span class='ocr_line' id='line_1_22' title="bbox 250 1812 2188 1857; baseline -0.001 -11"><span class='ocrx_word' id='word_1_223' title='bbox 250 1814 359 1846; x_wconf 88' lang='lat' dir='ltr'><strong>etiam</strong></span> <span class='ocrx_word' id='word_1_224' title='bbox 383 1813 682 1857; x_wconf 89' lang='lat' dir='ltr'><strong>praeceptoribus</strong></span> <span class='ocrx_word' id='word_1_225' title='bbox 707 1825 811 1847; x_wconf 88' lang='lat' dir='ltr'><strong>usum</strong></span> <span class='ocrx_word' id='word_1_226' title='bbox 838 1825 926 1848; x_wconf 88' lang='lat' dir='ltr'><strong>esse.</strong></span> <span class='ocrx_word' id='word_1_227' title='bbox 976 1813 1070 1847; x_wconf 89' lang='lat' dir='ltr'><strong>Nam</strong></span> <span class='ocrx_word' id='word_1_228' title='bbox 1105 1818 1141 1846; x_wconf 87' lang='lat' dir='ltr'><strong>et</strong></span> <span class='ocrx_word' id='word_1_229' title='bbox 1164 1812 1323 1857; x_wconf 84' lang='lat' dir='ltr'><strong>Eunapii</strong></span> <span class='ocrx_word' id='word_1_230' title='bbox 1356 1813 1470 1847; x_wconf 88' lang='lat' dir='ltr'><strong>verba</strong></span> <span class='ocrx_word' id='word_1_231' title='bbox 1508 1813 1543 1847; x_wconf 89' lang='lat' dir='ltr'><strong>id</strong></span> <span class='ocrx_word' id='word_1_232' title='bbox 1582 1813 1671 1846; x_wconf 87' lang='lat' dir='ltr'><strong>satis</strong></span> <span class='ocrx_word' id='word_1_233' title='bbox 1699 1814 1885 1855; x_wconf 85' lang='lat' dir='ltr'><strong>innuunt,</strong></span> <span class='ocrx_word' id='word_1_234' title='bbox 1914 1817 1949 1846; x_wconf 88' lang='lat' dir='ltr'><strong>et</strong></span> <span class='ocrx_word' id='word_1_235' title='bbox 1976 1824 2058 1847; x_wconf 88' lang='lat' dir='ltr'><strong>cum</strong></span> <span class='ocrx_word' id='word_1_236' title='bbox 2085 1817 2188 1856; x_wconf 87' lang='lat' dir='ltr'><strong>grato</strong></span> 
     </span>
     <span class='ocr_line' id='line_1_23' title="bbox 248 1890 2188 1939; baseline -0.001 -12"><span class='ocrx_word' id='word_1_237' title='bbox 248 1904 476 1938; x_wconf 87' lang='lat' dir='ltr'><strong>memoreque</strong></span> <span class='ocrx_word' id='word_1_238' title='bbox 506 1893 628 1927; x_wconf 91' lang='lat' dir='ltr'><strong>animo</strong></span> <span class='ocrx_word' id='word_1_239' title='bbox 656 1898 750 1928; x_wconf 87' lang='lat' dir='ltr'><strong>esset</strong></span> <span class='ocrx_word' id='word_1_240' title='bbox 775 1892 953 1928; x_wconf 89' lang='lat' dir='ltr'><strong>adversus</strong></span> <span class='ocrx_word' id='word_1_241' title='bbox 976 1904 1100 1928; x_wconf 87' lang='lat' dir='ltr'><strong>omnes</strong></span> <span class='ocrx_word' id='word_1_242' title='bbox 1122 1904 1265 1939; x_wconf 83' lang='lat' dir='ltr'><strong>quoque</strong></span> <span class='ocrx_word' id='word_1_243' title='bbox 1284 1892 1397 1939; x_wconf 28' lang='lat' dir='ltr'><strong>,modo</strong></span> <span class='ocrx_word' id='word_1_244' title='bbox 1418 1892 1461 1928; x_wconf 87' lang='lat' dir='ltr'><strong>de</strong></span> <span class='ocrx_word' id='word_1_245' title='bbox 1486 1904 1523 1927; x_wconf 90' lang='lat' dir='ltr'><strong>se</strong></span> <span class='ocrx_word' id='word_1_246' title='bbox 1545 1891 1633 1927; x_wconf 85' lang='lat' dir='ltr'><strong>bene</strong></span> <span class='ocrx_word' id='word_1_247' title='bbox 1656 1891 1819 1936; x_wconf 86' lang='lat' dir='ltr'><strong>meritos,</strong></span> <span class='ocrx_word' id='word_1_248' title='bbox 1843 1895 1941 1926; x_wconf 83' lang='lat' dir='ltr'><strong>certe</strong></span> <span class='ocrx_word' id='word_1_249' title='bbox 1966 1890 2004 1925; x_wconf 91' lang='lat' dir='ltr'><strong>in</strong></span> <span class='ocrx_word' id='word_1_250' title='bbox 2025 1896 2081 1926; x_wconf 91' lang='lat' dir='ltr'><strong>tot</strong></span> <span class='ocrx_word' id='word_1_251' title='bbox 2103 1902 2188 1937; x_wconf 85' lang='lat' dir='ltr'><strong>ope-</strong></span> 
     </span>
    </p>
   </div>
   <div class='ocr_carea' id='block_1_10' title="bbox 247 1970 2185 2019">
    <p class='ocr_par' dir='ltr' id='par_1_10' title="bbox 247 1970 2185 2019">
     <span class='ocr_line' id='line_1_24' title="bbox 247 1970 2185 2019; baseline -0.001 -11"><span class='ocrx_word' id='word_1_252' title='bbox 247 1972 365 2017; x_wconf 87' lang='lat' dir='ltr'><strong>ribus,</strong></span> <span class='ocrx_word' id='word_1_253' title='bbox 392 1983 482 2018; x_wconf 89' lang='lat' dir='ltr'><strong>quae</strong></span> <span class='ocrx_word' id='word_1_254' title='bbox 500 1972 718 2007; x_wconf 89' lang='lat' dir='ltr'><strong>Plutarchus</strong></span> <span class='ocrx_word' id='word_1_255' title='bbox 742 1972 905 2018; x_wconf 87' lang='lat' dir='ltr'><strong>scripsit,</strong></span> <span class='ocrx_word' id='word_1_256' title='bbox 930 1984 992 2007; x_wconf 86' lang='lat' dir='ltr'><strong>eos</strong></span> <span class='ocrx_word' id='word_1_257' title='bbox 1006 1973 1234 2018; x_wconf 86' lang='lat' dir='ltr'><strong>nominandi,</strong></span> <span class='ocrx_word' id='word_1_258' title='bbox 1259 1972 1392 2018; x_wconf 85' lang='lat' dir='ltr'><strong>quihus</strong></span> <span class='ocrx_word' id='word_1_259' title='bbox 1412 1972 1552 2019; x_wconf 87' lang='lat' dir='ltr'><strong>ingenii</strong></span> <span class='ocrx_word' id='word_1_260' title='bbox 1571 1970 1934 2018; x_wconf 18' lang='lat' dir='ltr'><strong>culturamydebebau</strong></span> <span class='ocrx_word' id='word_1_261' title='bbox 1961 1974 2185 2007; x_wconf 88' lang='lat' dir='ltr'><strong>occasionem</strong></span> 
     </span>
    </p>
   </div>
   <div class='ocr_carea' id='block_1_11' title="bbox 247 2051 542 2088">
    <p class='ocr_par' dir='ltr' id='par_1_11' title="bbox 247 2051 542 2088">
     <span class='ocr_line' id='line_1_25' title="bbox 247 2051 542 2088; baseline -0.007 0"><span class='ocrx_word' id='word_1_262' title='bbox 247 2063 321 2088; x_wconf 84' lang='lat' dir='ltr'><strong>non</strong></span> <span class='ocrx_word' id='word_1_263' title='bbox 346 2051 542 2088; x_wconf 86' lang='lat' dir='ltr'><strong>omisisset.</strong></span> 
     </span>
    </p>
   </div>
   <div class='ocr_carea' id='block_1_12' title="bbox 376 2208 1274 2340">
    <p class='ocr_par' dir='ltr' id='par_1_12' title="bbox 376 2208 1274 2340">
     <span class='ocr_line' id='line_1_26' title="bbox 376 2208 1185 2257; baseline 0.005 -13"><span class='ocrx_word' id='word_1_264' title='bbox 376 2209 428 2253; x_wconf 76' lang='lat'><strong>³8)</strong></span> <span class='ocrx_word' id='word_1_265' title='bbox 478 2210 637 2257; x_wconf 72' lang='lat' dir='ltr'><strong>Quaest.</strong></span> <span class='ocrx_word' id='word_1_266' title='bbox 665 2220 782 2247; x_wconf 80' lang='lat' dir='ltr'><strong>conv.</strong></span> <span class='ocrx_word' id='word_1_267' title='bbox 807 2208 881 2247; x_wconf 87' lang='lat'>111.</span> <span class='ocrx_word' id='word_1_268' title='bbox 906 2212 944 2257; x_wconf 84' lang='lat'><strong>2,</strong></span> <span class='ocrx_word' id='word_1_269' title='bbox 967 2212 1002 2247; x_wconf 87' lang='lat'><strong>2.</strong></span> <span class='ocrx_word' id='word_1_270' title='bbox 1029 2208 1065 2257; x_wconf 69' lang='grc' dir='ltr'><strong>ξ.</strong></span> <span class='ocrx_word' id='word_1_271' title='bbox 1089 2213 1122 2248; x_wconf 85' lang='grc'><strong>1.</strong></span> <span class='ocrx_word' id='word_1_272' title='bbox 1137 2230 1185 2237; x_wconf 89' lang='grc'><strong>--</strong></span> 
     </span>
     <span class='ocr_line' id='line_1_27' title="bbox 376 2289 1274 2340; baseline 0.002 -14"><span class='ocrx_word' id='word_1_273' title='bbox 376 2289 428 2334; x_wconf 80' lang='lat'><strong>³⁹)</strong></span> <span class='ocrx_word' id='word_1_274' title='bbox 476 2292 526 2327; x_wconf 83' lang='lat' dir='ltr'><strong>cf.</strong></span> <span class='ocrx_word' id='word_1_275' title='bbox 550 2291 639 2327; x_wconf 87' lang='lat' dir='ltr'><strong>Lib.</strong></span> <span class='ocrx_word' id='word_1_276' title='bbox 665 2291 715 2327; x_wconf 82' lang='lat' dir='ltr'><strong>de</strong></span> <span class='ocrx_word' id='word_1_277' title='bbox 736 2293 786 2328; x_wconf 78' lang='lat' dir='ltr'><strong>Ei</strong></span> <span class='ocrx_word' id='word_1_278' title='bbox 811 2292 1004 2340; x_wconf 80' lang='lat' dir='ltr'><strong>Delphico</strong></span> <span class='ocrx_word' id='word_1_279' title='bbox 1029 2303 1112 2339; x_wconf 82' lang='lat' dir='ltr'><strong>oap-</strong></span> <span class='ocrx_word' id='word_1_280' title='bbox 1141 2294 1201 2331; x_wconf 84' lang='lat'><strong>27.</strong></span> <span class='ocrx_word' id='word_1_281' title='bbox 1226 2310 1274 2317; x_wconf 92' lang='lat'>—</span> 
     </span>
    </p>
   </div>
   <div class='ocr_carea' id='block_1_13' title="bbox 248 2367 2185 2614">
    <p class='ocr_par' dir='ltr' id='par_1_13' title="bbox 248 2367 2185 2614">
     <span class='ocr_line' id='line_1_28' title="bbox 377 2367 2183 2421; baseline -0.003 -16"><span class='ocrx_word' id='word_1_282' title='bbox 377 2370 427 2412; x_wconf 80' lang='lat'><strong>⁴⁰)</strong></span> <span class='ocrx_word' id='word_1_283' title='bbox 478 2370 639 2417; x_wconf 75' lang='lat' dir='ltr'><strong>Quaest.</strong></span> <span class='ocrx_word' id='word_1_284' title='bbox 677 2373 838 2408; x_wconf 80' lang='lat' dir='ltr'><strong>couviV.</strong></span> <span class='ocrx_word' id='word_1_285' title='bbox 873 2371 986 2408; x_wconf 89' lang='lat' dir='ltr'>VIII.</span> <span class='ocrx_word' id='word_1_286' title='bbox 1024 2373 1070 2416; x_wconf 80' lang='lat'><strong>33</strong></span> <span class='ocrx_word' id='word_1_287' title='bbox 1128 2369 1316 2421; x_wconf 68' lang='grc' dir='ltr'><em>,,Θορυβός</em></span> <span class='ocrx_word' id='word_1_288' title='bbox 1356 2383 1432 2414; x_wconf 83' lang='grc' dir='ltr'><strong>τις,</strong></span> <span class='ocrx_word' id='word_1_289' title='bbox 1481 2370 1707 2416; x_wconf 81' lang='grc' dir='ltr'><em>ἑστιωμένων</em></span> <span class='ocrx_word' id='word_1_290' title='bbox 1753 2371 1848 2415; x_wconf 74' lang='grc' dir='ltr'><strong>ἡμῶν</strong></span> <span class='ocrx_word' id='word_1_291' title='bbox 1868 2367 2045 2407; x_wconf 62' lang='grc' dir='ltr'><strong>Ἀθήνησι</strong></span> <span class='ocrx_word' id='word_1_292' title='bbox 2093 2369 2183 2416; x_wconf 75' lang='grc' dir='ltr'><em>παρ’</em></span> 
     </span>
     <span class='ocr_line' id='line_1_29' title="bbox 248 2432 2184 2486; baseline -0.003 -14"><span class='ocrx_word' id='word_1_293' title='bbox 248 2435 446 2483; x_wconf 45' lang='lat' dir='ltr'><strong>&#39;Auen-ivm),</strong></span> <span class='ocrx_word' id='word_1_294' title='bbox 478 2433 546 2476; x_wconf 77' lang='grc' dir='ltr'><strong>τὴν</strong></span> <span class='ocrx_word' id='word_1_295' title='bbox 581 2435 699 2471; x_wconf 81' lang='grc' dir='ltr'><strong><em>οἰκίαν</em></strong></span> <span class='ocrx_word' id='word_1_296' title='bbox 732 2435 960 2486; x_wconf 75' lang='grc' dir='ltr'><strong><em>περιήχησεν,</em></strong></span> <span class='ocrx_word' id='word_1_297' title='bbox 998 2434 1134 2481; x_wconf 68' lang='grc' dir='ltr'><strong>ἔξωθεν</strong></span> <span class='ocrx_word' id='word_1_298' title='bbox 1167 2435 1413 2483; x_wconf 82' lang='grc' dir='ltr'><strong><em>ἐπιβοωμένων</em></strong></span> <span class='ocrx_word' id='word_1_299' title='bbox 1459 2435 1528 2472; x_wconf 82' lang='grc' dir='ltr'><strong>τὸν</strong></span> <span class='ocrx_word' id='word_1_300' title='bbox 1552 2432 1788 2485; x_wconf 73' lang='grc' dir='ltr'><em>στρατηγόν·</em></span> <span class='ocrx_word' id='word_1_301' title='bbox 1825 2432 2044 2482; x_wconf 69' lang='grc' dir='ltr'><strong><em>ἐστρατήγει</em></strong></span> <span class='ocrx_word' id='word_1_302' title='bbox 2072 2432 2111 2467; x_wconf 80' lang='grc' dir='ltr'><strong>δὲ</strong></span> <span class='ocrx_word' id='word_1_303' title='bbox 2136 2433 2184 2467; x_wconf 84' lang='grc' dir='ltr'><strong>τὸ</strong></span> 
     </span>
     <span class='ocr_line' id='line_1_30' title="bbox 250 2497 2184 2550; baseline -0.001 -14"><span class='ocrx_word' id='word_1_304' title='bbox 250 2502 383 2550; x_wconf 70' lang='grc' dir='ltr'><strong><em>τρίτον</em></strong></span> <span class='ocrx_word' id='word_1_305' title='bbox 405 2502 425 2535; x_wconf 90' lang='grc' dir='ltr'><strong>ὁ</strong></span> <span class='ocrx_word' id='word_1_306' title='bbox 446 2500 688 2547; x_wconf 74' lang='grc' dir='ltr'>Ἀμμώνιος-“</span> <span class='ocrx_word' id='word_1_307' title='bbox 741 2505 976 2540; x_wconf 79' lang='lat' dir='ltr'><strong>Ammonius</strong></span> <span class='ocrx_word' id='word_1_308' title='bbox 1006 2503 1206 2549; x_wconf 82' lang='lat' dir='ltr'><strong>disputans</strong></span> <span class='ocrx_word' id='word_1_309' title='bbox 1246 2502 1522 2538; x_wconf 82' lang='lat' dir='ltr'><strong>introducitur</strong></span> <span class='ocrx_word' id='word_1_310' title='bbox 1550 2503 1592 2536; x_wconf 88' lang='lat' dir='ltr'><strong>iu</strong></span> <span class='ocrx_word' id='word_1_311' title='bbox 1627 2502 1783 2547; x_wconf 74' lang='lat' dir='ltr'><strong>Quaest.</strong></span> <span class='ocrx_word' id='word_1_312' title='bbox 1816 2509 1929 2534; x_wconf 80' lang='lat' dir='ltr'><strong>conv,</strong></span> <span class='ocrx_word' id='word_1_313' title='bbox 1958 2497 2031 2534; x_wconf 87' lang='lat'>111.</span> <span class='ocrx_word' id='word_1_314' title='bbox 2063 2502 2108 2544; x_wconf 79' lang='grc' dir='ltr'><strong>ἱ,</strong></span> <span class='ocrx_word' id='word_1_315' title='bbox 2137 2501 2184 2542; x_wconf 77' lang='lat'><strong>23</strong></span> 
     </span>
     <span class='ocr_line' id='line_1_31' title="bbox 251 2562 2185 2614; baseline -0.003 -10"><span class='ocrx_word' id='word_1_316' title='bbox 251 2565 367 2613; x_wconf 87' lang='lat' dir='ltr'><strong>VIII,</strong></span> <span class='ocrx_word' id='word_1_317' title='bbox 391 2569 437 2614; x_wconf 79' lang='lat'><strong>83</strong></span> <span class='ocrx_word' id='word_1_318' title='bbox 463 2573 504 2605; x_wconf 86' lang='lat' dir='ltr'><strong>et</strong></span> <span class='ocrx_word' id='word_1_319' title='bbox 530 2566 758 2614; x_wconf 80' lang='lat' dir='ltr'><strong>saepissime</strong></span> <span class='ocrx_word' id='word_1_320' title='bbox 780 2570 822 2604; x_wconf 88' lang='lat' dir='ltr'><strong>iu</strong></span> <span class='ocrx_word' id='word_1_321' title='bbox 841 2568 946 2605; x_wconf 87' lang='lat' dir='ltr'><strong>libro</strong></span> <span class='ocrx_word' id='word_1_322' title='bbox 965 2566 1199 2613; x_wconf 76' lang='lat' dir='ltr'><strong>1X.,inlih.</strong></span> <span class='ocrx_word' id='word_1_323' title='bbox 1223 2566 1270 2603; x_wconf 88' lang='lat' dir='ltr'><strong>de</strong></span> <span class='ocrx_word' id='word_1_324' title='bbox 1288 2567 1488 2604; x_wconf 85' lang='lat' dir='ltr'><strong>oraculor.</strong></span> <span class='ocrx_word' id='word_1_325' title='bbox 1511 2565 1691 2610; x_wconf 81' lang='lat' dir='ltr'><strong>defectu3</strong></span> <span class='ocrx_word' id='word_1_326' title='bbox 1718 2564 1759 2599; x_wconf 89' lang='lat' dir='ltr'><strong>in</strong></span> <span class='ocrx_word' id='word_1_327' title='bbox 1790 2563 1857 2600; x_wconf 91' lang='lat' dir='ltr'><strong>lib.</strong></span> <span class='ocrx_word' id='word_1_328' title='bbox 1883 2562 1932 2600; x_wconf 84' lang='lat' dir='ltr'><strong>de</strong></span> <span class='ocrx_word' id='word_1_329' title='bbox 1949 2562 1998 2600; x_wconf 85' lang='lat' dir='ltr'><strong>Ei</strong></span> <span class='ocrx_word' id='word_1_330' title='bbox 2019 2563 2185 2612; x_wconf 87' lang='lat' dir='ltr'><strong>Delphi-</strong></span> 
     </span>
    </p>
   </div>
   <div class='ocr_carea' id='block_1_14' title="bbox 253 2638 472 2668">
    <p class='ocr_par' dir='ltr' id='par_1_14' title="bbox 253 2638 472 2668">
     <span class='ocr_line' id='line_1_32' title="bbox 253 2638 472 2668; baseline 0.005 -1"><span class='ocrx_word' id='word_1_331' title='bbox 253 2643 300 2667; x_wconf 78' lang='lat'><strong>00</strong></span> <span class='ocrx_word' id='word_1_332' title='bbox 326 2638 401 2668; x_wconf 69' lang='lat' dir='ltr'>etc.</span> <span class='ocrx_word' id='word_1_333' title='bbox 426 2652 472 2660; x_wconf 81' lang='lat'><strong>¹-</strong></span> 
     </span>
    </p>
   </div>
  </div>
 </body>
</html>
