2436 3151
0 0 243 224 Γ
1167 96 1200 149 4

216 239 326 274 nobis
350 250 446 274 nunc
471 237 511 273 in
538 242 638 273 tanta
665 249 791 274 eorum
821 239 958 281 iactura
985 236 1253 273 difficillimum
1279 243 1354 283 est,
1384 237 1449 288 qui
1477 248 1588 284 pauca
1617 237 1661 273 de
1688 238 1909 284 Plutarcho,
1940 240 2162 286 paucissima

215 321 260 356 de
283 320 486 356 Ammonio
513 319 595 354 inde
620 320 841 365 cognovisse
867 321 957 355 satis
983 318 1115 354 habere
1141 319 1320 365 cogimur.

360 400 647 445 Recentiorum,
685 401 751 447 qui
787 399 1003 445 colligentes
1039 412 1129 447 quae
1166 400 1205 435 in
1239 399 1393 447 scriptis
1426 400 1690 449 superstitibus
1731 404 1932 446 potuerunt
1976 399 2162 447 indagari,

216 481 408 517 Plutarchi
434 481 551 518 vitam
580 488 878 530 composuerunt,
902 482 1129 518 memorandi
1157 487 1263 516 sunt:

267 561 306 606 1)
330 561 467 598 Decius
492 561 614 624 Cglcr,
642 563 682 597 in
706 562 810 600 libel.
836 563 878 598 de
903 562 1096 597 Plutarchi
1121 561 1259 607 philos.
1283 561 1378 598 vita.
1401 562 1531 599 Pataw.
1562 565 1669 600 1627.
1691 564 1728 600 8.

264 641 304 686 2)
325 640 488 677 Joannes
512 639 691 688 Runidus,
717 643 819 686 cujus
841 641 939 679 liber
955 642 1000 678 de
1025 642 1221 680 Plutarchi
1250 642 1329 678 vita
1356 642 1516 679 editioni
1540 642 1747 679 Parisiensi
1783 642 1889 686 hujus
1925 651 2077 687 operum
2109 646 2165 677 est

334 723 531 768 praefixus.
559 724 663 759 1624.
687 722 753 759 fol.

263 803 303 849 3)
326 802 520 840 Eduardus
558 803 730 849 Corsini,
766 805 871 846 cuius
900 804 1114 840 dissertatio
1153 804 1196 838 de
1221 804 1414 839 Plutarchi
1454 806 1532 842 vita
1565 805 1766 861 Plutarchi!
1787 805 1829 838 de
1862 804 2011 849 placitis
2042 804 2163 850 philo-

335 883 532 930 sophorum
558 883 689 921 libror.
714 884 752 920 V
776 885 935 921 editioni
960 889 1014 920 est
1033 884 1244 931 praemissa.
1283 884 1446 930 Floreat.
1472 888 1580 926 1750.
1608 888 1644 923 ll.

263 964 304 1009 ll)
331 964 483 1008 Dacier,
518 964 551 999 la
585 965 652 1000 vie
684 965 727 1001 de
764 965 987 1011 Plutarque,
1027 965 1064 999 in
1107 965 1280 1000 versione
1311 965 1443 1011 gallica
1477 966 1670 1003 Plutarchi
1704 966 1869 1003 vitarum
1893 964 2162 1012 parallelarum.

335 1045 441 1080 Tom.
468 1045 498 1080 I.
527 1058 608 1092 pag.
633 1046 934 1081 Lv—XCVII.
960 1045 1165 1081 Amstetod.
1194 1048 1298 1082 1763.
1325 1047 1359 1084 8.

384 1124 578 1160 Praeterea
612 1126 782 1163 breviter
818 1131 925 1171 atque
962 1126 1087 1161 obiter
1119 1125 1162 1160 de
1196 1125 1399 1162 Plutarcho
1430 1126 1469 1160 in
1502 1104 1664 1171 scriptis
1685 1126 1878 1162 historicis
1911 1131 1947 1160 et
1980 1125 2163 1161 litet-ariis

336 1204 523 1241 dixerunt.

262 1284 302 1328 5)
329 1284 515 1319 Martinus
540 1285 743 1329 Hanckius,
769 1284 813 1319 de
837 1284 1033 1319 Romanar.
1059 1296 1182 1319 rerum
1207 1285 1468 1331 scriptoribus.
1506 1284 1608 1331 Lips.
1638 1286 1744 1323 1675.
1770 1286 1805 1321 ll.

384 1363 431 1403 cs.
457 1364 561 1402 Part.
588 1364 618 1403 1.
644 1378 677 1402 c.
705 1367 760 1403 12.
784 1377 863 1411 pag.
890 1366 936 1402 52
965 1369 1000 1400 et
1026 1364 1126 1401 Part.
1152 1364 1203 1400 ΙΙ.
1229 1378 1308 1411 pag.
1335 1367 1417 1402 250.

263 1445 303 1490 6)
328 1445 514 1481 Gerardus
536 1446 700 1482 Joannes
727 1445 898 1489 Vossius,
924 1444 967 1480 de
996 1444 1189 1481 historicis
1214 1445 1365 1481 Graecis
1391 1444 1457 1483 lib.
1485 1444 1554 1482 IV.
1584 1445 1757 1483 Francos.
1779 1445 1823 1481 ad
1850 1444 1972 1483 Moeu.
1994 1447 2102 1485 1677.
2128 1447 2162 1485 8.

382 1526 428 1562 cs.
456 1526 523 1562 lib.
548 1526 600 1561 11.
630 1539 660 1560 c.
690 1529 746 1562 10.
771 1537 851 1570 pag.
878 1526 963 1561 208.

263 1606 304 1651 7)
335 1604 496 1642 Joannes
521 1607 696 1652 Jonsius,
722 1607 765 1641 de
788 1604 1034 1650 scriptoribus
1059 1605 1238 1641 historiae
1263 1605 1537 1652 philosophicae
1563 1606 1629 1643 lib.
1655 1606 1714 1641 IV
1748 1618 1835 1641 cura
1869 1605 2021 1641 Dornii.
2052 1605 2165 1640 Jenae

342 1688 446 1723 1716.
483 1686 516 1723 ΣΙ.

384 1766 429 1801 cs.
457 1766 523 1801 lib.
550 1766 622 1801 ΙΙΙ.
650 1778 681 1801 c.
709 1767 744 1802 6.
770 1777 851 1811 pag.
877 1766 937 1801 22.

263 1846 304 1891 8)
329 1846 490 1884 Jacobus
517 1846 737 1891 Bruckms,
763 1846 803 1881 in
828 1845 985 1880 historia
1011 1844 1142 1880 critica
1165 1844 1430 1892 philosophiae.
1481 1844 1583 1892 Lips.
1614 1847 1719 1883 1766.
1747 1845 1782 1882 ll.

387 1928 433 1964 cf.
462 1929 566 1963 Tom.
595 1928 645 1964 11.
672 1932 767 1973 part.
798 1926 829 1963 Ι.
857 1925 924 1960 lib.
961 1925 991 1960 1.
1021 1938 1051 1961 c.
1082 1927 1116 1960 2.
1146 1931 1234 1960 sect.
1268 1928 1304 1962 3.
1341 1924 1374 1970 ἓ.
1403 1928 1458 1962 12.
1486 1937 1565 1970 pag.
1600 1926 1669 1962 178
1698 1930 1733 1958 et
1769 1924 1809 1958 in
1833 1924 2047 1971 Appendice
2082 1926 2166 1961 sive

336 2007 443 2045 Tom.
470 2009 540 2044 VI.
569 2020 648 2054 pag.
673 2010 757 2046 357.

265 2085 305 2132 9)
328 2085 492 2124 Joannes
521 2086 701 2124 Alhertus
728 2086 947 2132 fabricius,
982 2086 1022 2122 in
1053 2084 1271 2123 Bibliothec.
1300 2085 1459 2134 Graeca,
1483 2087 1539 2124 ed.
1562 2086 1708 2124 Harles.
1757 2083 1962 2131 Hamburgi
1990 2087 2095 2124 1796.
2129 2087 2165 2122 ll.

386 2169 432 2206 cf.
462 2169 550 2206 Vol.
573 2169 621 2207 V.
649 2180 680 2205 c.
710 2171 767 2208 13.
798 2180 878 2218 pag.
902 2170 984 2206 153-

270 2248 334 2292 10)
357 2249 573 2296 Tillemont‚
600 2250 757 2286 histoire
780 2249 844 2285 des
865 2260 1074 2296 empereurs
1098 2247 1284 2284 Romains.
1312 2246 1477 2286 Bruxell.
1503 2249 1609 2286 1693.
1635 2248 1670 2285 8.

388 2331 436 2368 cf.
458 2331 562 2366 Tom.
589 2331 641 2367 11.
664 2330 822 2368 seconde
842 2330 974 2376 partie,
1003 2342 1084 2376 pag.
1109 2330 1194 2366 475.

220 2406 371 2456 aliique,
397 2424 489 2458 quos
516 2423 737 2460 cognoscere
763 2410 852 2446 licet
877 2409 971 2456 apud
995 2409 1081 2448 Chr.
1106 2408 1259 2445 Saxium
1286 2409 1325 2443 in
1349 2409 1575 2445 onomastico
1597 2406 1779 2443 literario.
1804 2407 1907 2443 Tom.
1930 2405 1960 2442 I.
1983 2416 2063 2451 pag.
2081 2405 2162 2442 286.

220 2499 250 2524 s,
276 2501 315 2524 v.
340 2491 573 2529 Plutarchus.

367 2572 424 2608 De
462 2575 629 2610 sontibus
673 2580 710 2609 et
750 2572 971 2611 auctoritate
1014 2571 1177 2607 vitarum
1209 2568 1467 2616 parallelarum
1500 2573 1657 2616 quatuor
1695 2567 1973 2603 dissertationes
2013 2564 2164 2611 scripsit

222 2652 269 2687 A.
299 2652 345 2690 H.
372 2653 412 2692 L.
440 2654 598 2701 Heeren,
626 2666 717 2701 quae
742 2654 989 2690 inveniuntur
1011 2654 1052 2689 in
1079 2652 1320 2688 Commentat.
1348 2649 1522 2686 Societat.
1559 2649 1681 2695 regiae
1713 2648 1955 2686 scientiarum
1992 2646 2160 2691 Gotting.
