2436 3151
1180 56 1247 108 Ὦ

262 204 336 236 nnn
363 195 593 238 ulliusrei,
609 199 708 231 certe
734 195 959 233 meditandae
983 194 1220 232 humanitatis
1243 205 1372 236 causa,
1410 194 1451 228 in·
1473 195 1533 229 his
1552 194 1596 228 ad
1619 197 1927 232 mansuetudinem
1956 201 1993 231 et
2012 196 2181 239 benigni-

262 281 374 313 tatem
400 287 465 312 nos
488 273 717 311 adsuefacere
747 275 929 310 debemus.
957 273 1153 320 .E‹1uidem
1176 286 1223 310 ne
1251 273 1382 309 bovem
1417 274 1566 320 quidem
1587 280 1789 322 aratorem,
1826 277 1930 312 senio
1961 274 2180 318 consectum,

261 354 603 403 nedumqhominem
622 360 737 391 aetate
766 355 933 395 affectum
960 353 1098 396 exloco
1123 355 1262 391 usitato
1287 359 1324 389 et
1346 355 1423 390 vita
1440 360 1632 400 consueta,
1661 358 1763 403 quasi
1787 367 1829 392 ex
1844 356 1963 403 pat-ria
1981 355 2179 392 transferre

260 450 303 476 aa
326 437 407 475 levi
434 436 586 482 pecunia
609 436 834 478 venumdare
858 434 995 479 velim,
1019 447 1128 482 aeque
1151 434 1323 472 inutilem
1345 437 1548 473 ementibus
1575 448 1616 472 ac
1644 437 1895 473 vendentibus.

377 548 379 551 .
404 517 502 562 Quae
527 516 660 554 lenitas
683 527 763 554 ,non
795 514 992 560 impedivit
1019 515 1280 560 Plutarchum,
1318 518 1509 561 quominus
1538 528 1668 553 servos
1700 529 1815 563 poena
1851 518 1978 563 dignos
2015 516 2178 563 puniret,

257 598 321 634 sed
344 598 394 633 ita
418 603 460 632 ut
484 597 667 632 iraesuae
688 595 832 640 egregie
857 596 1133 641 moderaretur,
1172 596 1267 642 quod
1296 596 1437 632 Taurus
1460 597 1707 645 philosophus
1738 597 1830 643 apud
1855 597 1990 633 Aulum
2015 595 2177 631 Gellium

257 682 435 715 memorat
449 679 512 722 ⁷⁸).
563 676 803 722 Plutarchus,
825 676 969 723 inquit,
994 688 1143 716 servum
1171 688 1298 723 sunm,
1323 676 1503 714 hominem
1526 683 1796 722 contumacem,
1824 677 1884 713 sed
1910 677 2081 723 quandam
2096 676 2177 723 phi-

258 757 445 804 losophiae
471 756 713 802 cognitionem
735 756 925 791 habentem
947 756 992 790 ob
1023 756 1198 791 delictum
1224 757 1396 802 quoddam
1426 758 1585 803 flagellis
1611 758 1710 792 caedi
1747 758 1865 798 jussit.
1915 756 2053 791 Servus
2087 766 2177 789 vero

256 838 544 885 obloquebatur,
569 850 606 872 se
629 850 704 873 non
730 837 929 881 meruisse,
951 843 992 873 ut
1017 837 1232 884 vapularet,
1272 838 1325 872 nil
1359 839 1446 873 mali
1474 840 1710 875 commisisse.
1761 839 1955 874 Postremo
1978 837 2177 872 vociferari

256 920 377 965 coepit
400 923 435 953 et
460 917 571 953 verba
598 917 848 962 objurgatoria
871 916 980 962 fecit,
1004 922 1109 964 turpe
1135 929 1211 952 esse
1232 917 1482 964 philosophum
1506 920 1642 963 irasci,
1668 925 1703 954 et
1734 929 1956 963 nequaquam
1972 916 2178 951 Plutarcho

255 999 479 1045 convenire,
503 996 600 1046 quod
624 996 741 1033 iratus
764 996 936 1044 plurimis
964 996 1081 1045 plagis
1108 1009 1146 1033 se
1175 997 1344 1034 afficeret.
1394 999 1486 1034 Tum
1512 999 1731 1035 Plutarchus
1769 997 1922 1036 leniter:
1956 996 2066 1032 Nunc
2098 1006 2178 1041 ego,

254 1080 402 1126 inquit,
430 1079 502 1113 tibi
529 1078 641 1114 irasci
666 1076 826 1115 videor?
875 1077 932 1113 Ex
964 1078 1074 1113 vultu
1101 1083 1134 1113 et
1166 1090 1255 1113 voce
1290 1084 1499 1124 correptum
1534 1092 1589 1114 me
1625 1083 1679 1115 ira
1716 1091 1793 1113 esse
1827 1075 2032 1121 intelligis?
2082 1076 2178 1109 Mihi

252 1159 397 1205 quidem
420 1169 536 1203 neque
561 1157 662 1193 oculi
687 1163 809 1191 truces
835 1162 934 1202 sunt,
959 1170 1074 1203 neque
1099 1169 1139 1192 os
1164 1158 1372 1200 turbidum,
1398 1171 1512 1205 neque
1534 1160 1741 1193 immaniter
1767 1157 1894 1192 clamo.
1926 1157 1973 1190 Et
1997 1155 2110 1190 simul
2137 1156 2181 1188 ad

251 1251 331 1274 eum
354 1240 418 1284 qui
443 1239 610 1273 caedebat
635 1249 854 1273 conversus:
875 1239 1039 1283 interim,
1067 1240 1203 1284 inquit,
1226 1239 1310 1273 dum
1336 1252 1399 1284 ego
1424 1245 1529 1285 atque
1555 1240 1615 1274 hic
1642 1240 1881 1284 disputamus,
1906 1238 1972 1271 hoc
1996 1242 2037 1271 tu
2050 1247 2179 1280 age.—

395 1318 495 1363 Quin
518 1329 607 1352 vera
631 1317 682 1352 sit
713 1316 799 1352 haec
826 1316 968 1363 fabula,
1002 1317 1169 1353 dubitare
1203 1330 1278 1354 non
1302 1330 1513 1364 possumus,
1550 1331 1628 1354 cum
1664 1319 1870 1354 consentiat
1909 1327 1989 1352 cum
2016 1316 2065 1350 iis
2091 1326 2179 1361 quae

251 1397 470 1433 Plutarchus
495 1399 573 1442 ipse
598 1397 690 1431 dicit
708 1397 779 1439 ⁷⁹):
802 1396 937 1432 Omnes
963 1398 1107 1443 quidem
1133 1397 1303 1442 affectus,
1328 1398 1401 1442 ait,
1424 1398 1563 1432 rationi
1588 1397 1835 1439 subjiciendos
1869 1407 1968 1440 esse,
1995 1394 2178 1428 difficilli-

252 1488 356 1513 mum·
374 1487 465 1511 vero
488 1476 581 1510 iram
600 1478 647 1517 ,in
672 1486 799 1514 servos
822 1477 1040 1523 opprimere.
1088 1477 1286 1523 Equidem,
1318 1479 1460 1523 pergit,
1490 1489 1570 1512 cum
1595 1477 1772 1512 mollities
1799 1488 1839 1511 ac
1861 1475 2028 1510 socordia
2058 1474 2177 1509 nimia

251 1557 353 1592 vitio
379 1555 472 1590 mihi
493 1555 664 1600 daretur,
686 1555 730 1590 ad
756 1555 850 1590 iram
874 1556 915 1589 in
941 1567 1072 1590 servos
1095 1556 1291 1601 perductus
1315 1568 1416 1601 sum,
1451 1561 1551 1590 ratus
1577 1568 1637 1590 eos
1666 1558 1807 1602 pejores
1836 1555 1918 1589 fieri
1952 1554 2178 1599 impunitate.

251 1636 424 1672 Attamen
443 1634 527 1671 vidi
549 1640 758 1680 praestare,
784 1647 845 1672 eos
873 1635 1100 1681 indulgentia
1125 1637 1267 1682 pejores
1293 1637 1458 1682 reddere,
1484 1649 1588 1683 quam
1614 1648 1650 1672 se
1674 1637 1793 1682 ipsum
1814 1634 1972 1670 saevitia
2000 1647 2041 1670 ac
2053 1634 2179 1670 furore

252 1715 408 1753 aliorum
431 1715 733 1761 corrigendorum
759 1727 862 1751 causa
888 1721 1111 1761 pervertere.
1144 1716 1256 1752 Multi
1282 1717 1498 1763 impunitate
1518 1728 1659 1763 quoque
1683 1728 1725 1752 eo
1751 1716 2001 1760 adducuntur,
2026 1720 2067 1749 ut
2093 1713 2179 1748 mali

251 1809 331 1833 esse
352 1802 574 1842 vereantur,
600 1802 636 1831 et
661 1797 917 1832 mutandorum
957 1809 1099 1834 morum
1125 1799 1278 1833 initium
1310 1799 1419 1833 venia
1454 1799 1599 1845 potius,
1634 1810 1741 1843 quam
1779 1809 1891 1843 poena
1929 1797 1978 1831 iis
2022 1795 2178 1841 praebet.

253 1877 418 1914 Omnino
442 1889 461 1913 a
484 1877 677 1922 punitione
703 1889 773 1912 non
800 1877 984 1914 abstinere
1008 1878 1197 1922 debemus,
1232 1878 1293 1913 sed
1330 1884 1427 1914 recte
1449 1884 1484 1913 et
1509 1878 1724 1922 tempestive
1740 1903 1751 1921 ,
1782 1876 1931 1911 utiliter
1969 1887 2010 1910 ac
2041 1885 2178 1912 conve-

251 1959 398 1993 nienter
421 1956 642 2002 puniendum
673 1962 737 1993 est.
764 1957 927 1992 Maxime
953 1966 1069 1990 conor
1085 1955 1175 1989 iram
1204 1957 1379 2002 amoliri,
1406 1958 1498 2004 quod
1517 1958 1726 1992 defensione
1746 1956 1948 2001 puniendos
1962 1967 2037 1990 non
2055 1955 2175 2000 privo,

253 2037 315 2072 sed
340 2037 460 2072 audio.
487 2035 581 2070 Nam
606 2042 743 2081 tempus
766 2042 801 2070 et
825 2048 959 2070 moram
984 2036 1255 2080 perturbationi
1285 2039 1407 2078 injicit
1433 2044 1468 2072 et
1491 2038 1773 2079 cunctationem,
1800 2049 1890 2081 quae
1915 2041 2048 2069 motum
2072 2034 2175 2068 miti-

254 2122 336 2165 get,
363 2121 398 2151 et
419 2115 556 2158 iudicio
580 2115 775 2152 invenitur
801 2116 895 2151 ratio
921 2116 1145 2152 conveniens
1171 2117 1365 2164 modusque
1391 2129 1525 2163 poenae
1546 2116 1677 2163 justus.
1727 2116 1778 2151 Ut
1804 2116 1899 2151 enim
1923 2126 1986 2161 per
2010 2112 2175 2149 nebulam

257 2208 433 2244 corpora,
457 2196 512 2231 sic
531 2209 598 2242 per
624 2198 716 2232 iram
745 2209 803 2232 res
826 2197 1002 2233 videntur
1027 2199 1195 2240 majores.
1247 2199 1372 2244 Itaque
1395 2199 1461 2234 ubi
1487 2199 1629 2234 animus
1648 2197 1919 2244 perturbatione
1945 2200 2072 2239 vacat,
2099 2199 2176 2229 tum

256 2280 291 2314 si
316 2277 448 2313 factum
471 2276 609 2311 rationi
635 2289 745 2323 purae
771 2289 812 2312 ac
835 2277 1203 2313 ‘sincerae'videatur
1228 2290 1338 2325 poena
1365 2278 1535 2324 dignum,
1570 2279 1608 2313 in
1644 2278 1681 2314 id
1708 2276 1994 2313 animadvertere
2018 2278 2175 2319 oportet,

258 2372 372 2405 neque
399 2364 472 2393 tum
497 2357 666 2393 omittere
690 2359 904 2396 vindictam.

388 2507 437 2548 7Β)
488 2509 531 2542 A.
557 2504 706 2541 Gellius
734 2507 852 2543 Noct.
881 2508 1002 2543 Attio.
1029 2507 1095 2544 lib.
1126 2508 1153 2543 1.
1178 2518 1259 2552 cap.
1285 2507 1343 2543 26.

388 2571 438 2614 ⁷⁹)
488 2570 589 2606 Plut.
616 2571 657 2604 in
679 2570 746 2605 lib.
775 2571 823 2607 de
846 2574 904 2607 ira
930 2572 1057 2608 cohib.
1086 2583 1167 2619 cap·
1202 2572 1257 2606 11.
