2436 3151
1187 95 1250 144 -17

247 239 302 272 est
329 234 467 283 legatus
491 246 512 271 ι
537 235 853 273 Chaeronensibus
866 235 931 284 ⁴¹),
980 233 1287 269 Ubi-Pmconsul
1315 234 1543 272 domicilium
1570 237 1761 283 habuerit,
1785 248 1851 273 nos
1874 237 1981 285 fugit.
2027 238 2164 276 Romae

244 328 396 363 quoque.
413 324 582 353 ver-otus
609 323 715 352 estet
738 318 779 351 iu
801 316 911 352 Italia
933 315 978 350 ad
1002 315 1148 361 publica
1177 317 1323 359 negotia
1357 319 1583 360 procuranda
1594 320 1659 362 ⁴³).
1709 319 1792 353 Nou
1823 331 1916 354 vero
1943 320 2166 367 reipublicae

242 404 382 436 tantum
403 396 581 442 gerendae
602 397 885 444 muneribusque
911 395 1068 442 publicis
1089 397 1243 432 vacavit
1265 394 1480 435 Plutarchus
1502 399 1661 444 Romae,
1697 399 1757 434 sed
1782 399 2051 446 philosophiam
2073 409 2165 445 quo-

241 490 312 528 que
334 477 472 515 docuit.

384 569 523 606 Itinera
547 579 632 605 vero
656 568 799 616 quando
818 569 972 617 fecerit,
997 570 1262 608 difficillimum
1287 575 1339 606 est
1366 555 1489 618 dictu,
1528 583 1609 608 cum
1636 583 1759 608 eorum
1786 573 1918 609 mentio
1949 573 1987 607 in
2011 570 2164 617 scriptis

243 650 528 698 disperse¹facta
552 649 658 684 modo
682 649 727 683 ad
750 650 964 685 universum
988 657 1123 697 spectet
1148 656 1184 686 et
1207 662 1385 696 nunquam
1405 658 1501 686 certa
1527 657 1689 697 tempora
1716 653 1976 697 respiciantur,
2013 652 2056 686 ad
2083 653 2163 686 sin-

242 732 345 778 gulas
368 743 427 767 res
451 729 563 766 saetas
586 730 818 777 pertinentia.
870 733 971 770 Satis
997 744 1082 778 ergo
1106 731 1237 768 habere
1264 733 1426 778 cogimur
1461 733 1568 768 finem
1606 733 1781 780 quendam
1812 733 2053 777 constituere,
2087 742 2162 778 quo

240 811 379 849 itinera
401 810 541 848 obierit
563 809 806 855 Plutarchus,
844 811 895 846 ita
921 817 964 848 ut
987 817 1211 856 statuamus,
1245 812 1400 858 primum
1426 812 1645 859 Vespasiani
1672 813 1843 848 extremis
1878 812 1984 848 annis
2009 812 2164 847 Romam

240 904 321 928 eum
345 891 545 939 profectum
570 903 670 937 esse,
709 904 823 938 neque
849 898 932 939 post
971 899 1158 931 mortuum
1182 893 1430 928 Domitianum
1454 893 1616 940 amplius
1651 906 1691 930 eo
1716 895 1882 930 rediisse.
1934 893 2162 928 Chaeroneae

240 975 338 1009 enim
360 977 455 1008 circa
487 983 519 1007 a.
548 971 615 1008 Ch.
645 974 725 1009 100.
761 972 910 1019 publico
942 974 1066 1009 officio
1098 973 1314 1019 fungebatur
1347 974 1567 1010 Plutarchus
1601 980 1637 1010 et
1661 975 1953 1019 Telearchiae⁴⁴)
1987 972 2161 1020 praefuit,

239 1065 330 1099 quae
354 1064 505 1089 munera
529 1064 666 1088 summa
693 1065 772 1087 cum
795 1053 988 1099 diligentia
1017 1054 1304 1091 administravit.
1353 1055 1449 1090 Dein
1478 1067 1569 1090 vero
1595 1055 1730 1091 multas
1753 1055 1948 1102 Pythiades
1974 1052 2163 1098 Apollinis

237 1132 407 1168 sacerdos
426 1131 572 1177 fuit45).
621 1132 778 1178 Pythias
802 1133 960 1180 spatium
983 1138 1140 1179 quatuor
1163 1139 1241 1168 erat
1273 1145 1470 1178 annorum,
1501 1135 1598 1169 sicut
1621 1134 1827 1182 Olympias.
1878 1135 1946 1169 Sin
1980 1138 2097 1167 autem
2117 1131 2160 1166 ab

237 1224 282 1250 eo
306 1217 491 1258 tempore,
526 1223 598 1259 quo
622 1210 840 1248 Plutarchus
862 1212 1010 1259 publico
1035 1213 1176 1248 muneri
1201 1212 1428 1249 Chaeroneae
1453 1214 1636 1260 praefuit,
1675 1214 1799 1262 plures
1823 1224 2072 1249 enumeramus
2094 1223 2162 1259 py-

235 1293 400 1339 thiedes,
432 1294 509 1328 fere
533 1293 578 1328 ad
602 1293 732 1328 aetatis
757 1304 890 1328 annum
917 1296 974 1330 70.
1000 1294 1234 1338 veniremus,
1268 1305 1335 1339 qua
1370 1298 1486 1328 aetate
1512 1294 1729 1329 Plutarchus
1765 1300 1861 1329 certe
1896 1306 1967 1329 non
2004 1291 2163 1338 amplius

234 1375 423 1421 profectus
447 1379 525 1418 est,
563 1374 625 1409 sed
659 1385 804 1419 semper
830 1375 1057 1409 Chaeroneae
1082 1374 1184 1407 vixit
1209 1373 1253 1408 ab
1291 1374 1435 1409 ultimis
1461 1375 1669 1410 Domitiani
1697 1376 1803 1409 annis
1835 1387 1948 1420 usque
1982 1375 2025 1409 ad
2060 1385 2160 1408 suam

234 1462 406 1493 mortem.
439 1454 654 1490 Addendum
680 1459 754 1508 est,
779 1453 1017 1489 Plutarchum
1036 1465 1178 1498 amore,
1203 1465 1307 1499 quem
1332 1454 1372 1488 in
1396 1455 1548 1499 patriam
1565 1455 1708 1498 habuit,
1736 1460 1896 1490 coactum
1922 1455 2025 1500 quasi
2046 1454 2159 1489 fuisse

234 1534 292 1572 ibi
316 1535 490 1579 versari,
524 1537 566 1568 ut
589 1532 667 1580 ipse
693 1529 808 1568 tradit
830 1532 870 1567 in
892 1532 964 1567 vit.
990 1531 1178 1601 Dein-ostiu.
1200 1544 1276 1579 cap.
1300 1534 1358 1570 2:
1382 1531 1464 1570 Nos
1488 1545 1600 1580 vero,
1634 1534 1781 1581 inquit,
1817 1533 1881 1581 qui
1902 1534 2072 1580 exiguum
2096 1544 2157 1568 co-

233 1616 345 1651 limus
377 1614 570 1659 oppidum,
610 1624 655 1647 ne
693 1613 817 1646 minus
851 1611 1046 1657 reddatur,
1073 1615 1223 1658 ‘semper
1261 1612 1317 1647 ibi
1357 1614 1577 1649 commorari
1613 1625 1772 1649 avemuS.
1822 1614 1937 1657 Quam
1975 1612 2160 1658 praeclare

233 1695 372 1733 dictum
397 1706 416 1729 a
443 1693 664 1738 Plutarcho,
702 1697 739 1728 et
768 1696 810 1728 ut
841 1692 1098 1749 paucissimum
1134 1693 1186 1728 ita
1218 1692 1488 1739 gravissimum.
1539 1693 1614 1729 Vir
1644 1694 1742 1729 enim
1767 1694 1913 1739 sapiens
1935 1695 2160 1740 maximeque

233 1776 436 1812 celebratus
452 1800 463 1820 ‚
485 1779 526 1809 ut
550 1772 794 1819 Plutarchus,
822 1785 895 1808 nou
922 1773 1040 1808 solum
1060 1785 1216 1819 parvum
1243 1774 1415 1819 oppidum
1440 1775 1598 1808 sustinet
1622 1780 1658 1808 et
1678 1774 1864 1819 prohibet,
1894 1775 2087 1819 quominus
2118 1777 2159 1809 in

233 1855 465 1893 oblivionem
479 1854 628 1899 veniat,
651 1853 716 1889 sed
737 1854 848 1891 etiam
867 1854 1146 1889 florentissimae
1169 1853 1274 1889 urhis
1294 1854 1423 1889 famam
1444 1866 1573 1900 augere
1597 1853 1709 1891 valet.
1744 1853 1843 1888 Idem
1864 1853 1955 1890 Cato
1972 1854 2158 1889 Uticensis

361 2015 412 2057 ¹²)
460 2015 508 2048 cf.
538 2014 638 2049 Plut.
666 2014 798 2048 Praec.
826 2024 909 2062 ger.
936 2015 1032 2060 reip.
1057 2015 1118 2058 20,
1144 2013 1181 2049 6.
1213 2013 1430 2059 »Μέμνημαι
1451 2013 1531 2048 νέον
1556 2011 1716 2058 ἐμαυτὸν
1744 2011 1803 2047 ἔτι
1826 2013 2052 2062 πρεσβευτὴν
2074 2015 2152 2059 μεθ’

235 2077 360 2127 ἑτέρου
385 2077 610 2129 πεμφθέντα
632 2076 723 2125 πρὸς
748 2076 1012 2113 ἀνθύπατον-’ζ
1030 2098 1078 2104 —-

361 2153 414 2196 ⁴3)
460 2152 509 2189 cf.
537 2153 639 2189 Plut.
666 2156 737 2190 vit.
763 2154 962 2190 Demosth.
989 2164 1072 2201 cap.
1098 2154 1133 2189 2.
1161 2151 1226 2197 „e'v
1252 2151 1290 2187 δὲ
1304 2152 1416 2199 Ῥώμῃ
1440 2152 1503 2186 καὶ
1522 2158 1607 2194 ταῖς
1631 2152 1716 2197 περὶ
1738 2151 1806 2192 τὴν
1825 2152 1991 2188 Ἰταλίαν
2017 2153 2154 2203 διατρι-

235 2220 315 2266 βαῖς
349 2218 392 2253 οὐ
424 2218 558 2265 σχολῆς
583 2216 692 2260 οὔσης
714 2218 964 2266 γυμνάζεσθαι
984 2218 1068 2268 περὶ
1090 2217 1158 2258 τὴν
1180 2217 1373 2264 Ῥωμαϊκὴν
1397 2217 1592 2255 διάλεκτον
1618 2217 1694 2252 ’ὑπὸ
1719 2221 1846 2268 χρειῶν
1868 2219 2070 2255 πολιτικῶν
2094 2220 2155 2253 καὶ

236 2286 312 2320 τῶν
333 2282 394 2318 διὰ
416 2282 648 2330 φιλοσοφίαν
670 2283 951 2328 πλησιαζόντων
973 2283 1160 2332 ἠρξάμεθα
1185 2283 1288 2319 etc.“
1327 2303 1376 2311 —

363 2362 414 2402 4⁴)
463 2360 512 2397 cf.
540 2360 673 2397 praec.
700 2362 798 2408 reip.
822 2373 908 2410 ger.
937 2364 1005 2406 19,
1033 2363 1066 2398 9.
1120 2360 1208 2405 „oza
1238 2358 1490 2408 Περγαμηνοὺς
1525 2359 1586 2394 ἐπὶ
1617 2361 1783 2410 Νέρωνος
1826 2361 2005 2406 κατέλαβε
2038 2360 2157 2409 πράγ-

239 2437 354 2471 ματα,
388 2422 448 2458 καὶ
479 2422 637 2465 Ῥοδίους
670 2422 825 2472 ἔναγχος
858 2423 920 2457 ἐπὶ
951 2424 1200 2470 Δομετιανοῦ,
1228 2424 1327 2459 etc.“
1384 2425 1440 2460 Ex
1483 2424 1552 2465 his;
1584 2426 1721 2460 verbis
1754 2425 2013 2473 intelligitur,
2049 2426 2158 2461 hunc

239 2491 387 2525 librum
424 2501 502 2523 non
538 2489 608 2523 diu
644 2496 733 2534 post
765 2489 987 2524 Domitiani
1013 2497 1176 2524 mortem
1202 2491 1393 2534 scriptum
1420 2501 1526 2532 esse,
1565 2496 1603 2523 et
1628 2489 1768 2523 iisdem
1792 2492 2038 2535 temporibus
2066 2491 2157 2526 Plu-

240 2553 419 2591 tarchum
447 2551 714 2589 Telearchiam
738 2553 1034 2590 administrasse
1058 2552 1216 2590 videtur
1240 2563 1289 2586 ex
1315 2551 1490 2597 ejusdem
1514 2551 1610 2586 libri
1633 2563 1665 2586 c.
1699 2553 1754 2587 15.
1781 2549 1816 2596 ξ.
1841 2555 1919 2588 2—
1933 2554 1968 2589 5.

369 2632 420 2676 ⁴⁵)
470 2634 520 2670 cf.
547 2632 644 2668 Plut.
663 2632 766 2674 Lib„
790 2645 883 2669 uum
911 2631 998 2668 seui
1022 2643 1121 2680 resp.
1146 2642 1225 2681 ger.
1253 2630 1317 2667 sit.
1345 2643 1428 2678 cap.
1458 2633 1513 2670 17.
1540 2626 1577 2673 ξ.
1602 2630 1637 2666 3.

1661 2702 1684 2738 3
