2436 3151
1185 69 1249 119 12

247 214 424 258 nominat,
449 216 488 249 et
507 211 701 258 praecipue
726 210 831 247 inter
854 211 1071 257 potandum,
1097 214 1151 247 ait
1162 211 1224 255 ²⁷),
1249 209 1468 246 inveniendi
1480 220 1522 245 ac
1541 210 1753 257 disputandi
1770 210 1939 250 facultate
1956 209 2032 250 'sibi
2056 215 2177 262 ipsum

246 292 496 341 praestitisse3
518 303 559 326 ac
583 290 706 325 dicere
727 289 883 326 solitum
907 301 1001 334 esse,
1026 302 1047 325 a
1072 290 1157 326 vini
1181 288 1305 325 calore
1330 300 1506 336 vaporem
1530 291 1720 337 quendam,
1742 292 1863 328 veluti
1888 305 1908 328 a
1931 293 2038 329 thure
2059 295 2177 331 fieret,

246 374 319 419 edi,
345 385 420 421 quo
442 370 663 418 oppleretur.
708 370 785 407 Vir
800 371 914 407 animi
938 369 1043 405 mitis
1067 376 1104 406 et
1126 369 1257 406 hilaris
1278 370 1390 407 nobis
1413 370 1563 416 Quaest.
1584 371 1737 408 conviv.
1756 373 2030 420 perlegentibus
2049 386 2178 410 occur.

244 454 298 490 rit
320 454 381 489 hic
401 464 529 496 senex,
553 461 660 496 quem
684 451 837 487 nonnisi
861 449 1016 484 maxima
1039 462 1121 486 cum
1143 449 1332 496 voluptate
1356 451 1593 498 inter2filios,
1617 450 1744 487 affines
1768 463 1809 487 ac
1828 454 2054 501 propinquos
2076 453 2179 490 vide-

245 548 342 579 mus,
370 534 516 569 facetiis
542 543 690 566 coenam
720 531 965 573 condientem,
991 530 1213 576 urbanitate,
1239 530 1377 576 lepore,
1407 533 1592 566 suavitate
1624 532 1817 577 insignem.
1863 533 2005 568 Natura
2031 535 2178 580 ingenio

245 615 356 651 alacri
379 613 570 660 praeditus
593 617 629 647 et
653 622 780 655 magna
803 609 980 645 scientiae
1004 610 1109 656 eopia
1135 610 1337 646 instructus
1362 614 1511 656 praeter
1533 613 1667 647 omnia
1688 614 1841 659 respicit
1867 613 1960 649 alios
1986 615 2180 651 instituere

245 698 279 729 et
303 692 420 730 multa
448 696 618 739 expertus
649 690 786 737 optima
812 693 1001 736 praecepta
1028 699 1234 736 exponere,
1273 689 1383 726 simul
1415 690 1459 726 ad
1487 690 1704 738 aequitatem
1728 693 2180 741 probitatemque-adhor-

243 779 335 808 tans.
385 773 593 808 Maximum
614 771 734 816 igitur
758 780 841 814 erga
866 780 946 803 eum
967 780 1126 805 amorem
1152 770 1371 805 Plutarchus
1394 771 1545 805 habebat
1570 776 1605 806 et
1633 778 1906 807 monumentum
1927 773 2179 820 praeclarissi-

242 865 343 890 mum
378 855 413 888 ei
444 853 589 898 posuit,
630 863 711 886 cum
751 852 793 886 iu
825 850 1022 895 permultis
1043 852 1198 897 scriptis
1214 853 1263 896 28)
1288 851 1556 896 colloquentem
1581 863 1662 886 eum
1687 852 1914 898 introducit,
1942 856 2019 895 eius
2046 865 2178 891 nomen

243 932 429 969 oblivioni
455 932 629 978 eripiens.
654 952 699 961 -

387 1029 537 1063 Fratres
555 1027 683 1063 habuit
695 1026 912 1061 Plutarchus
939 1027 1042 1072 duos,
1068 1026 1275 1073 Lampriam
1293 1033 1329 1062 et
1339 1027 1546 1073 Timonem,
1572 1029 1695 1064 ambos
1717 1028 1867 1074 ingenio
1891 1027 2052 1075 elegante
2073 1035 2180 1075 atque

240 1108 462 1155 optimarum
486 1107 619 1143 artium
644 1105 779 1143 studiis
807 1104 995 1152 eruditos,
1028 1118 1120 1155 quos
1151 1107 1195 1143 de
1218 1108 1327 1143 rebus
1352 1107 1445 1143 haud
1469 1107 1641 1154 protritis
1666 1120 1781 1155 neque
1809 1106 2018 1155 vulgariter
2053 1107 2177 1155 dispu-

241 1193 361 1223 tantes
382 1189 556 1223 inducere
580 1198 654 1221 non
686 1185 886 1222 dubitavit.

386 1282 497 1328 Apud
520 1281 732 1317 Fabricium
758 1282 797 1316 in
824 1281 988 1327 catalogo
1015 1285 1258 1319 convivarum
1282 1282 1484 1317 Xenoclem
1509 1294 1651 1328 quoque
1670 1282 1860 1317 Plutarchi
1886 1282 2034 1316 fratrem
2059 1281 2178 1316 nomi-

239 1369 372 1399 natum
402 1363 569 1400 invenio.
622 1362 762 1406 Quodsi
790 1366 842 1398 ita
871 1362 1037 1405 haberet,
1061 1362 1279 1398 Plutarchus
1304 1368 1402 1398 certe
1433 1362 1519 1397 aliis
1545 1362 1639 1398 locis
1667 1363 1744 1404 ejus
1769 1363 1992 1399 mentionem
2018 1362 2179 1397 fecisset.

239 1441 435 1479 Plutarchi
465 1441 594 1487 verba,
632 1439 766 1487 quibus
803 1441 941 1479 nititur
976 1440 1193 1487 Fabricius,
1230 1440 1359 1478 haecce
1384 1443 1551 1488 sunt2⁹):
1589 1441 1834 1488 Πεπαυμένων
1861 1439 1898 1477 δὲ
1923 1441 2079 1478 δειπνεῖν
2105 1442 2181 1478 τῶν

239 1521 384 1567 ἄλλων,
411 1522 601 1567 ,Ξενοκλῆς
634 1520 814 1567 ἀδελφὸς,
853 1519 967 1571 ὥςπερ
1000 1520 1139 1565 εἰώθει,
1176 1520 1246 1557 τὸν
1279 1521 1441 1571 ἀδελφὸν
1476 1524 1573 1570 ἡμῶν
1606 1520 1827 1570 Λαμπρίαν,
1866 1522 1913 1562 εἰς
1950 1520 2180 1568 ἀδδηφαγίαν

242 1602 424 1639 Βοιώτιον
447 1604 693 1638 ἐπέσκωπτεν.
745 1601 818 1635 Hic
843 1600 1028 1635 Xenocles
1059 1600 1176 1635 frater
1199 1600 1398 1645 Glauciae,
1435 1607 1517 1636 ante
1551 1602 1763 1646 memorati,
1801 1600 2065 1646 intelligendus
2103 1605 2181 1644 est5

243 1690 306 1720 aut
333 1697 412 1720 cum
424 1685 623 1720 Duebnero
647 1683 769 1729 potius
792 1681 1049 1726 corrigendum
1069 1682 1276 1725 „Eevovxffg
1301 1682 1527 1730 ὁΔελφός“;
1554 1683 1647 1717 male
1672 1683 1768 1717 enim
1794 1685 1991 1717 conveniat
2007 1681 2183 1726 Xenocli,

241 1766 391 1802 natione
412 1764 563 1810 Boeoto,
588 1763 621 1800 si
647 1761 839 1799 Plutarchi
862 1761 978 1798 frater
1000 1766 1108 1808 esset,
1133 1759 1340 1808 Lampriam
1368 1762 1560 1799 Boeoticae
1581 1761 1772 1799 edacitatis
1787 1766 1979 1799 scommate
1996 1761 2181 1808 impetere.

386 1860 607 1897 Plutarchus
640 1859 757 1902 major
789 1863 878 1896 natu
913 1857 1028 1894 fuisse
1059 1857 1213 1894 videtur
1242 1870 1348 1905 quam
1384 1857 1586 1906 Lamprias.
1635 1859 1671 1895 A
1695 1858 1850 1895 Timone
1882 1859 2002 1906 enim,
2039 1870 2120 1896 cum
2144 1858 2184 1895 in

243 1940 425 1976 convivio
450 1941 626 1976 instituto
648 1950 938 1986 unumquemque
966 1937 1232 1984 ingredientem
1258 1949 1299 1973 eo
1323 1950 1394 1985 quo
1423 1938 1558 1975 liberet
1582 1938 1663 1975 loco
1688 1938 1831 1982 juberet
1855 1939 2079 1984 accumbere,
2106 1943 2143 1974 et
2165 1950 2185 1975 a

242 2026 368 2066 patre,
390 2021 495 2055 finita
520 2032 653 2063 coena,
677 2020 955 2055 controversiae
982 2024 1082 2054 ortae
1106 2019 1215 2061 iudex
1240 2019 1497 2063 statuitur3⁰):
1534 2031 1654 2054 nonne
1681 2019 1814 2054 melius
1837 2020 1902 2064 sit,
1927 2021 1971 2054 ab
1992 2021 2119 2064 initio,
2144 2026 2186 2055 ut

376 2188 426 2232 ²⁷)
479 2189 582 2225 Plut.
604 2189 767 2236 Quaest.
789 2197 901 2222 conv.
928 2186 960 2220 1.
984 2186 1021 2231 5,
1050 2185 1082 2221 1.
1110 2180 1145 2229 ξ.
1169 2185 1202 2221 5.
1244 2182 1312 2227 »ἢν
1337 2182 1375 2219 δὲ
1399 2183 1607 2232 Λαμπρίας,
1634 2184 1654 2219 ὁ
1679 2185 1849 2237 ἡμέτερος
1873 2185 2044 2232 πάππος,
2069 2187 2107 2224 ἐν
2128 2185 2186 2234 τῷ

243 2257 362 2289 πίνειν
408 2253 699 2301 εὑρετικώτατος
739 2249 853 2292 αὐτὸς
891 2250 1008 2283 αὑτοῦ
1045 2248 1108 2283 καὶ
1146 2248 1392 2294 λογιώτατος·
1429 2245 1550 2284 εἰώθει
1583 2249 1623 2285 δὲ
1656 2251 1775 2297 λέγειν
1803 2251 1958 2300 ,ὅτιντῷ
1994 2254 2186 2300 λιβανωτῷ

245 2318 514 2369 παραπλησίως
555 2316 630 2351 ὑπὸ
667 2314 898 2366 θερμότητος
922 2312 1216 2361 ἀναθυμιᾶται.“
1241 2334 1287 2343 -

377 2397 427 2439 28)
477 2397 520 2430 in
551 2397 713 2442 Quaest.
746 2405 860 2429 conv.
900 2393 949 2426 V.
991 2393 1011 2427 5
1047 2397 1087 2427 et
1122 2391 1167 2436 63
1205 2392 1242 2435 8,
1268 2392 1290 2426 3
1316 2396 1357 2425 et
1385 2397 1532 2437 quaest.
1560 2394 1596 2430 9.
1624 2393 1716 2437 Ejus
1746 2404 1902 2441 quoque
1928 2395 2111 2430 meminit
2143 2396 2183 2430 in

250 2459 409 2508 Quaest.
436 2471 549 2498 conv.
576 2458 607 2495 1.
635 2460 678 2505 53
706 2456 776 2495 lx.
800 2459 847 2501 23
874 2456 915 2491 iu
942 2455 1025 2492 vita
1049 2458 1194 2494 Anton.
1211 2467 1300 2503 cap.
1326 2454 1386 2491 28.
1403 2474 1450 2483 —

380 2535 429 2577 ²⁹)
480 2536 583 2571 Plut.
611 2536 766 2581 Quaest.
793 2533 957 2570 conviv.
982 2529 1033 2567 11.
1061 2536 1208 2579 quaest.
1234 2534 1269 2568 2.
1303 2528 1338 2576 ξ.
1368 2533 1401 2566 1.
1429 2550 1473 2559 .-

383 2610 436 2655 ³⁰)
486 2611 644 2657 Quaest.
667 2620 783 2646 conv.
806 2607 838 2644 1.
860 2610 899 2653 23
928 2609 975 2653 23
1000 2623 1046 2634 .-
