2436 3151
1164 23 1226 73 14

231 169 362 215 edidit,
386 172 421 203 et
444 175 657 213 quamquam
683 162 852 210 Euuapio
874 168 968 200 teste
992 164 1070 206 eius
1094 167 1171 198 acta
1195 160 1357 208 singulis
1380 161 1492 212 libris
1517 163 1711 210 inspersit,
1737 164 1789 201 ita
1807 169 1862 211 ut,
1882 164 1918 200 si
1936 164 2092 212 quis-iu
2114 176 2176 203 eos

230 251 352 287 acrius
374 246 504 283 oculos
529 245 696 281 intendat
717 256 851 292 eosque
876 245 1125 291 pervestiget,
1148 243 1264 278 vitam
1292 243 1486 280 Ammonii
1514 250 1730 290 cognoscat,
1764 251 1886 282 tamen
1908 246 1959 282 in-
1978 244 2029 282 iis
2042 245 2175 291 libris,

231 330 293 377 qui
316 327 435 364 adhuc
462 330 628 370 exstant,
655 325 876 371 paucissima
905 325 949 360 de
974 325 1174 363 Ammonio
1200 324 1450 370 reperiuntur.
1505 324 1693 361 Permulta
1717 324 1911 369 Plutarchi
1941 325 2103 371 scripta,
2135 303 2177 363 in

230 410 363 457 quibus
392 408 434 443 de
460 412 698 452 praeceptore
718 405 843 450 dixit,
864 408 1082 453 perierunt,
1102 412 1139 442 et
1163 407 1202 441 in
1228 405 1285 440 his
1310 403 1430 450 liber,
1464 407 1528 453 qui
1554 412 1634 443 erat
1655 406 1886 452 inscriptus:
1928 405 2172 453 ,,’Δ.μμώνιος,

231 490 250 532 ἣ
270 489 353 540 περὶ
376 489 448 522 τοῦ
473 485 518 533 μὴ
542 487 651 528 ἡδέως
675 488 726 534 τῇ
750 485 870 533 κακίᾳ,
894 487 1164 531 συνεῖναι.“35)
1204 485 1452 522 Alexandriae
1487 498 1569 523 eum
1596 493 1722 524 natum
1754 497 1832 522 esse
1857 486 1951 523 dicit
1974 487 2175 535 Eunapius,

233 579 266 608 et
290 569 448 607 Athenis
473 568 643 603 docuisse
662 566 855 602 Plutarchi
881 566 1001 613 ipsius
1027 568 1240 603 testimonio
1264 572 1418 613 constat.
1447 566 1506 603 Ibi
1529 577 1672 614 quoque
1693 568 1908 607 vitam‚cum
1935 574 2052 605 morte
2079 581 2176 605 com-

231 651 401 688 mutavit.

372 728 649 773 Philosophiam
676 739 757 762 eum
783 733 947 762 secutum
967 727 1082 762 fuisse
1101 728 1388 774 peripateticam,
1409 727 1472 762 sed
1491 737 1574 761 cum
1593 726 1799 763 Platonicis
1814 733 1851 763 et
1868 728 2010 766 Stoicis
2021 729 2178 777 ‚placitis

232 816 382 850 mixtam
407 811 525 855 iisque
549 808 838 852 accomodatam,
873 820 918 843 ex
950 807 1143 843 Plutarchi
1167 820 1310 854 quoque
1338 808 1491 853 scriptis
1516 812 1639 853 patet,
1671 808 1735 853 qui
1760 814 1797 843 et
1825 809 1903 855 ipse
1931 810 2023 845 hanc
2055 810 2177 856 philo·

233 891 411 941 sophandi
437 889 620 927 rationem
647 889 801 926 edoctus
827 893 882 924 est
906 889 1139 936 studioseque
1166 888 1341 926 excoluit.
1395 888 1558 924 Mixtum
1596 888 1692 924 illud
1716 888 1970 935 philosophiae
2000 902 2113 936 genus
2138 891 2177 925 in

231 976 394 1022 Lyceum
423 970 634 1005 introduxit
658 970 897 1019 Ammonius,
933 969 1091 1017 aliisque
1119 968 1325 1016 exemplum
1360 968 1463 1005 dedit
1487 968 1531 1005 ad
1562 968 1654 1005 hanc
1678 968 1962 1018 philosophandi
1996 971 2177 1008 rationem

231 1052 430 1090 colendam.

376 1131 614 1167 Ammonium
640 1136 807 1166 nostrum
823 1131 969 1166 saeculo
994 1134 1142 1177 integro
1166 1130 1412 1175 antiquiorem
1433 1130 1528 1166 male
1547 1130 1741 1167 confundit
1758 1131 1964 1167 Hadrianus
1977 1130 2115 1167 Junius
2126 1132 2177 1175 ³⁶)

230 1225 311 1251 cum
334 1210 534 1248 Ammonio
551 1191 677 1255 Sacca,
705 1210 850 1248 Plotini
867 1217 1116 1257 praeceptore,
1143 1210 1207 1256 qui
1226 1209 1472 1246 Alexandriae
1497 1216 1603 1247 natus
1622 1211 1833 1247 Platonicae
1858 1217 1894 1246 et
1911 1211 2178 1256 Peripateticae

229 1300 349 1331 sectae
374 1293 521 1327 decreta
548 1291 589 1325 in
610 1292 845 1326 concordiam
871 1292 1066 1327 revocavit
1098 1291 1250 1335 primus.
1300 1289 1380 1324 Nec
1412 1290 1688 1327 confundendus
1712 1296 1768 1325 est
1791 1302 1873 1326 cum
1898 1303 1941 1325 eo
1964 1291 2176 1333 Ammonio,

230 1374 295 1422 qui
320 1377 403 1408 ante
428 1370 591 1415 Augusti
619 1370 814 1416 imperium
838 1369 1088 1405 Alexandriae
1112 1370 1253 1413 floruit,
1282 1374 1318 1404 et
1348 1369 1387 1404 iu
1414 1368 1627 1406 Aristarchi
1653 1369 1780 1406 schola
1809 1383 1884 1406 uon
1905 1370 2176 1417 philosophiam

229 1455 291 1490 sed
314 1451 586 1498 grammaticam
613 1451 755 1495 docuit,
781 1456 824 1484 ut
848 1452 917 1492 jam
945 1450 1107 1485 ostendit
1131 1450 1173 1483 L.
1201 1450 1380 1485 Rusterus
1395 1449 1458 1495 3⁷).
1484 1448 1665 1486 Nostrum
1688 1450 1928 1487 Ammonium
1952 1463 2065 1487 unum
2089 1463 2177 1487 eun-

231 1537 381 1579 demque
409 1543 485 1566 esse
503 1543 584 1565 cum
602 1531 814 1575 Ammonio,
841 1533 906 1577 qui
922 1532 1201 1577 cognominetur
1219 1530 1470 1575 Lamprensis‚
1497 1543 1515 1564 e
1534 1530 1698 1576 Lampri,
1723 1531 1852 1565 Attico
1873 1543 1978 1578 pago,
2000 1538 2035 1567 et
2053 1531 2178 1578 plures

232 1613 427 1662 scripserit
463 1609 582 1645 libros
623 1610 734 1659 ,,περὶ
768 1611 894 1659 βωμῶν
918 1612 980 1647 καὶ
1003 1610 1195 1656 evolans&
1233 1623 1254 1647 a
1279 1611 1471 1647 veteribus
1496 1611 1746 1657 grammaticis
1772 1611 1960 1659 laudatos,
1984 1613 2179 1649 Corsinius

231 1698 482 1733 demonstrare
507 1691 702 1726 adnititur.
763 1692 856 1727 Eum
884 1692 982 1728 enim
1011 1692 1054 1728 ab
1078 1692 1245 1738 Eunapio
1270 1691 1417 1739 quidem
1439 1690 1688 1745 Aegyptium,
1726 1703 1746 1728 a
1771 1693 1904 1729 ceteris
1929 1700 2047 1730 autem
2071 1694 2178 1730 Lam·

231 1788 398 1824 prensem
423 1775 567 1816 vocari,
593 1772 689 1817 quod
716 1772 781 1806 ille
807 1773 846 1806 in
872 1773 1040 1820 Aegypto
1066 1773 1210 1818 quidem
1238 1778 1345 1806 natus
1367 1772 1442 1815 sit,
1469 1758 1627 1807 Athenis
1650 1783 1745 1807 vero
1771 1772 1867 1808 lares
1888 1774 2027 1819 fixerit,
2054 1775 2180 1820 ibique

232 1859 272 1894 in
300 1859 559 1901 Lamprensem
582 1851 755 1898 populum
780 1852 940 1899 adeoque
969 1854 1010 1889 in
1034 1853 1310 1889 Erechtheidem
1338 1853 1477 1888 tribum
1499 1853 1707 1899 adscriptus
1733 1854 1794 1889 sit.

379 1951 550 1987 Ceterum
576 1949 796 1985 Ammonius
825 1950 891 1985 vir
914 1955 992 1985 erat
1029 1950 1267 1986 doctissimus
1292 1948 1405 1984 multa
1437 1953 1474 1984 et
1499 1949 1687 1985 recondita
1720 1950 1930 1986 eruditione
1956 1950 2179 1999 perpolitus,

233 2040 274 2072 ut
297 2037 448 2082 apparet
472 2043 516 2066 ex
539 2030 708 2066 omnibus
732 2029 954 2077 colloquiis,
982 2033 1021 2067 in
1042 2031 1176 2078 quibus
1204 2043 1222 2067 a
1248 2030 1449 2068 Plutarcho
1476 2031 1666 2079 disputans
1691 2031 1956 2070 introducitur.
2007 2031 2096 2075 Eius
2121 2031 2179 2067 di-

233 2115 370 2161 scipuli
396 2123 538 2149 summo
562 2123 670 2157 opere
700 2112 928 2158 maximoque
953 2112 1077 2147 studio
1102 2116 1261 2147 tractare
1289 2112 1481 2157 dehebant,
1511 2111 1549 2147 id
1579 2111 1676 2159 quod
1698 2111 1920 2149 Ammonius
1956 2115 1995 2149 in
2020 2112 2179 2147 medium

234 2194 458 2246 proferebat.
509 2193 585 2238 Qui
609 2192 753 2239 quidem
779 2193 1008 2230 verebantur
1031 2194 1075 2229 de
1101 2205 1140 2229 ea
1167 2205 1208 2228 re
1234 2194 1439 2239 disserere,
1465 2193 1506 2228 in
1530 2204 1638 2250 quam
1658 2193 1882 2231 Ammonius
1904 2193 2120 2241 disputaret,
2145 2196 2181 2226 et

362 2408 413 2455 ³⁵)
465 2409 516 2446 cf.
547 2409 762 2456 Lampriae
788 2407 968 2456 scriptor.
992 2409 1117 2456 patris
1142 2407 1206 2444 sui
1234 2406 1400 2455 catalog.
1429 2418 1515 2442 nro.
1542 2406 1600 2445 83.
1627 2411 1674 2435 -—‘

366 2491 417 2533 ³⁶)
465 2491 527 2527 ad.
553 2492 700 2539 Eunap.
728 2489 854 2541 praef.
878 2490 926 2526 de
953 2489 1113 2539 sophist.
1138 2490 1317 2540 vitis.—

370 2570 421 2614 ³⁷)
471 2583 509 2608 v.
536 2575 828 2609 Annotationes
851 2573 902 2608 ad
929 2571 1077 2607 Suidae
1103 2573 1273 2607 lexicon.
1302 2582 1333 2605 s.
1357 2579 1397 2606 v,
1446 2569 1657 2614 Ἀμμώνιος.
1690 2587 1737 2593 -
