2436 3151
1162 95 1222 146 n

225 238 403 277 rationem
431 238 613 283 habemus,
635 237 861 276 liberalitate
878 235 1049 281 maxima,
1073 235 1259 283 aequitate
1282 246 1323 269 ec
1346 235 1522 271 modestia
1547 241 1629 271 erat
1652 237 1823 283 insignis.
1870 239 1932 276 Ae
1950 242 2142 288 praecipue

224 317 443 357 Plutarchus
473 317 696 363 singularem
729 316 1004 354 beneficentiam
1035 315 1158 351 laudat
1195 326 1247 349 ac.
1267 314 1492 360 prudentiam
1525 318 1567 351 in
1599 316 1809 352 declinanda
1838 319 1995 357 invidia,
2046 321 2144 358 Nam

224 398 443 434 Plutarchus
467 398 581 433 adhuc
619 397 768 439 juvenis
805 396 850 432 ad
880 396 1134 440 proconsulem
1160 395 1304 439 legatus.
1332 397 1461 430 missus
1481 401 1542 430 ,est
1564 407 1645 430 cum
1671 396 1827 442 collegat
1863 397 1935 434 hoc
1959 405 2076 436 autem
2102 402 2144 437 in

225 478 360 517 itinere
380 477 613 524 subsistente,
639 476 740 513 solus
752 486 829 512 rem
843 486 962 512 coram
982 472 1159 512 confecitz
1188 485 1269 511 cum
1285 478 1401 510 autem
1420 485 1593 511 reversus
1614 474 1791 511 rationem
1809 476 1930 513 obitae
1945 477 2144 526 legationis

224 557 435 595 redditurus
461 562 580 601 esset,
609 560 713 601 pater
737 554 893 590 seorsim
922 556 1074 598 monuit,
1099 567 1143 591 ne
1168 554 1320 599 diceret,
1361 556 1546 600 profectus
1579 566 1672 600 sum,
1707 555 1792 600 sed,
1827 557 1983 601 profecti
2006 570 2145 604 sumus,

223 649 361 685 neque,
401 637 504 682 dixi,
536 636 623 682 sed,
659 635 843 681 diximus,
883 634 1077 683 eodemque
1110 635 1218 671 modo
1248 634 1387 682 reliqua
1412 636 1533 671 omnia
1559 647 1641 671 cum
1664 635 1766 670 socio
1789 636 1886 671 inter
1913 637 2145 674 referendum

223 719 517 755 communicaret.
568 716 641 761 Qui
666 716 706 751 id
741 716 852 761 facit,
888 728 959 752 non
990 716 1109 752 solum
1131 717 1330 752 modestum
1354 730 1391 752 se
1417 717 1601 762 ostendit,
1626 717 1688 752 sed
1722 717 1831 752 etiam
1872 718 1983 764 (quod
2018 721 2145 755 statim

222 799 417 843 subjungit·
446 796 663 831 Plutarchus
676 798 725 840 22)
757 808 861 832 suam
895 795 1050 841 gloriam
1079 797 1123 831 ab
1156 796 1313 831 aliorum
1352 798 1497 832 invidia
1534 802 1647 832 tutam
1681 802 1853 842 praestat.
1902 797 2064 835 Divitiis
2102 812 2144 835 ac

223 880 391 914 fortunae
415 877 522 912 bonis
543 888 739 921 nequaqam
764 879 926 912 caruisse
945 877 1108 920 videtur,
1133 890 1214 911 cum
1234 877 1396 922 diligens
1420 883 1515 912 esset
1538 889 1674 922 rerum,
1701 889 1792 923 quae
1819 879 1940 915 vitam
1962 878 2146 916 instruant

226 963 262 994 et
288 958 330 993 ad
368 957 458 992 bene
490 957 665 1003 beateque
688 956 889 995 vivendum
912 956 1139 1003 pertineant,
1164 968 1204 991 ac
1229 956 1416 1006 voluptati
1442 954 1639 1003 indulgens
1660 967 1800 1003 semper
1819 959 2149 1003 praestantissimis

225 1042 392 1074 uteretur
415 1036 518 1084 equis
532 1036 594 1080 ²³).

367 1117 412 1153 Iu
446 1127 517 1163 quo
556 1115 677 1150 officio
723 1120 892 1152 versatus
934 1118 1009 1161 sit,
1046 1128 1222 1163 nusquam
1264 1116 1439 1151 traditum
1475 1121 1555 1160 est3
1589 1120 1626 1150 at
1652 1115 1886 1160 verisimile,
1916 1128 1999 1154 eum
2024 1118 2148 1155 literis

224 1211 370 1238 vacasse
399 1204 435 1233 et
458 1197 697 1243 magistratun
720 1197 814 1242 apud
841 1189 1112 1234 Chaeronenses
1136 1198 1304 1244 gessisse.
1355 1197 1480 1232 Patris
1514 1197 1684 1234 meminit
1708 1195 1927 1233 Plutarchus
1953 1197 2149 1244 aliquoties

225 1280 265 1316 in
293 1278 440 1324 Quaest.
468 1275 736 1322 convival.²⁴),
764 1276 826 1312 sed
864 1277 941 1319 ejus
972 1288 1102 1313 nomen
1127 1278 1265 1324 omisit,
1292 1278 1331 1312 in
1360 1277 1409 1312 iis
1431 1275 1559 1312 saltem
1584 1276 1716 1322 libris,
1744 1277 1808 1323 qui
1832 1288 1945 1311 annos
1972 1277 2148 1313 tulerunt.

226 1359 420 1412 Corsinius
443 1359 478 1391 ei
501 1359 545 1391 ab
572 1368 643 1391 avo
665 1356 851 1390 Nicarcho
876 1369 1007 1391 nomen
1034 1359 1192 1392 inditum
1219 1370 1295 1392 esse
1322 1370 1425 1393 more
1450 1358 1672 1391 Graecorum
1696 1358 1919 1404 suspicatur.

362 1445 509 1479 Proavo
536 1440 739 1485 Plutarchi,
764 1445 803 1475 ut
827 1441 897 1483 jam
923 1440 1024 1485 dixi,
1052 1440 1231 1478 Nicarchi
1260 1453 1391 1477 nomen
1412 1439 1496 1475 fuit.
1548 1439 1586 1475 Is
1605 1439 1778 1476 Actiacae
1802 1441 1985 1478 victoriae
2010 1447 2149 1490 tempo-

223 1523 327 1559 ribus
349 1526 530 1566 superstes
555 1519 637 1554 fuit.
687 1518 904 1553 Plutarchus
930 1519 1027 1553 euim
1051 1525 1176 1554 narrat
1187 1520 1257 1564 25),
1283 1520 1427 1565 saepius
1449 1531 1530 1553 eum
1552 1530 1861 1564 commemorasse,
1883 1532 2006 1556 omnes
2032 1522 2146 1557 Chae-

225 1615 356 1640 roneae
394 1602 497 1636 cives
531 1598 674 1634 modum
713 1597 945 1643 praefinitum
984 1598 1107 1634 tritici
1140 1611 1252 1645 usque
1286 1598 1330 1634 ad
1364 1610 1461 1633 mare
1487 1597 1706 1646 Anticyram
1741 1599 1904 1634 humeris
1930 1600 2072 1636 deferre
2107 1602 2151 1637 ab

225 1684 392 1720 Antonio
414 1685 559 1717 coactos
584 1690 675 1722 esse,
700 1678 856 1724 flagellis
882 1680 926 1714 ad
955 1680 1206 1715 maturandum
1230 1690 1296 1726 per
1318 1678 1457 1714 milites
1493 1679 1707 1714 concitatos.
1758 1679 1877 1714 Semel
1913 1682 1982 1723 jam
2017 1682 2151 1717 itinere

225 1765 336 1809 facto,
362 1769 397 1798 et
419 1773 494 1798 uno
516 1772 625 1796 onere
651 1759 706 1794 sic
732 1764 888 1806 portato,
916 1772 995 1795 cnm
1020 1760 1136 1795 denuo
1163 1759 1291 1796 modus
1315 1759 1522 1804 metiretur,
1548 1758 1804 1795 denunciatum
1828 1772 1918 1807 esse,
1945 1760 2150 1798 Antonium

225 1857 343 1890 pugna
363 1844 515 1878 Actiaca
541 1841 704 1883 victum,
737 1851 808 1884 quo
846 1841 976 1874 nuntio
1006 1840 1142 1877 civitas
1173 1845 1318 1875 servata
1354 1845 1458 1876 esset.
1509 1839 1701 1884 Extemplo
1727 1841 1824 1874 enim
1847 1843 2148 1886 procuratoribus

226 1930 261 1961 et
286 1922 470 1960 militibus
492 1920 651 1959 Antonii
676 1919 759 1966 fuga
786 1918 933 1967 elapsis,
959 1918 1180 1956 frumentum
1204 1920 1307 1956 cives
1332 1919 1431 1955 inter
1453 1931 1489 1955 se
1514 1918 1702 1955 divisisse.
1727 1938 1774 1944 —

366 2007 544 2044 Nicarchi
568 2006 670 2042 filius
687 2003 874 2051 Lamprias
897 2003 981 2049 fuit,
1009 2003 1175 2039 Caesaris
1197 2002 1358 2050 Augusti
1382 2008 1584 2049 temporum
1606 2001 1767 2049 aequalis
1780 2005 1851 2047 ²⁶),
1874 2004 1976 2045 cnjus
1997 2004 2145 2038 honori-

225 2090 460 2124 ficentissime
488 2089 570 2133 plus
591 2086 702 2122 semel
724 2097 769 2121 ex
792 2085 978 2119 occasione
1005 2085 1171 2119 meminit
1196 2084 1424 2119 Plutarchus.
1469 2085 1563 2119 Eum
1585 2086 1762 2119 disertum
1788 2090 1894 2130 atque
1918 2085 2146 2130 eloquentem

354 2244 405 2290 ²²)
455 2243 559 2282 Plut.
585 2256 716 2294 praec.
742 2256 826 2296 ger.
850 2245 949 2295 reip.
976 2245 1040 2293 20,
1066 2244 1102 2283 6.
1134 2262 1183 2270 —

351 2309 403 2347 ²³)
454 2309 556 2344 Plut.
585 2312 744 2356 Quaest.
769 2323 881 2347 conv.
905 2310 959 2344 11.
982 2313 1019 2354 8,
1045 2313 1090 2353 25
1119 2329 1167 2337 —

355 2372 406 2417 ²⁴¹)
455 2372 616 2420 Quaest.
637 2385 748 2411 conv.
784 2372 814 2410 I.
842 2376 879 2421 2,
905 2376 954 2419 23
988 2371 1039 2409 II.
1064 2373 1112 2416 8;
1139 2369 1213 2408 III.
1241 2372 1274 2412 7.
1302 2372 1333 2416 l,
1361 2366 1396 2415 ξ.
1423 2371 1470 2417 3;
1494 2371 1529 2417 8,
1560 2372 1605 2418 1;
1640 2374 1676 2418 9,
1704 2373 1741 2415 2,
1770 2368 1803 2417 ξ.
1829 2373 1874 2417 2;
1897 2370 2030 2407 Praec.
2060 2381 2143 2417 ger.

226 2440 327 2485 reip.
349 2439 409 2478 20,
431 2438 464 2473 6.
489 2456 538 2464 —

358 2502 407 2545 25)
455 2501 497 2536 in
520 2502 589 2537 vit.
615 2500 759 2536 Anton.
786 2512 869 2547 cap.
896 2501 967 2546 68;
992 2512 1120 2549 neque
1141 2500 1237 2536 alibi
1261 2500 1346 2545 eius
1376 2501 1604 2534 mentionen
1631 2499 1749 2533 ullam
1777 2498 1883 2535 facit.
1907 2517 1955 2523 —

356 2568 406 2612 2⁶)
456 2567 505 2603 cf.
544 2566 645 2602 Plut.
677 2567 752 2603 vit.
775 2567 920 2603 Anton.
947 2579 1028 2616 cap.
1053 2567 1129 2611 28„
1151 2565 1221 2601 ubi
1247 2563 1482 2602 Plutarchus
1514 2565 1638 2598 refert
1661 2563 1701 2599 id
1738 2564 1841 2612 quod
1862 2565 2076 2612 Lamprias
2101 2565 2146 2601 de

227 2630 436 2678 splendido
445 2632 555 2667 victu
568 2630 753 2677 cultuque
764 2631 927 2665 Antonii
941 2637 982 2665 et
995 2632 1227 2677 Cleopatrae
1238 2628 1502 2663 Alexandriae
1513 2639 1535 2660 a
1551 2628 1704 2662 Philota
1716 2630 1871 2664 medico
1884 2631 1978 2664 audi
1985 2631 2147 2666 verit.—

1623 2704 1674 2739 2*
