2436 3151
1168 54 1235 105 30

372 197 452 231 Jam
475 205 570 230 vero
591 194 637 228 ab
659 192 931 237 inconstantia,
957 194 1223 238 mutabilitate,
1251 194 1330 238 ira,
1357 193 1560 230 ulciscendi
1585 206 1623 230 se
1651 196 1834 234 desiderio
1855 198 2073 235 Plutarchus
2097 199 2161 236 ab·

232 277 417 323 horrebat,
444 281 481 311 et
505 287 585 311 eum
610 287 758 321 semper
780 279 947 311 conatum
974 287 1054 310 esse
1080 276 1164 311 haec
1186 274 1282 310 vitia
1308 277 1516 321 opprimere
1543 287 1588 312 ex
1613 275 1689 313 alio
1715 277 1797 315 loco
1824 286 1971 327 apparet
1982 282 2048 327 θ’),
2073 281 2160 319 uhi:

232 359 426 395 Enimvero
451 355 725 403 praeoptarim,
751 355 897 402 inquit,
920 354 1087 392 homines
1109 355 1152 392 de
1174 366 1229 390 me
1254 354 1403 403 dicant,
1428 354 1571 392 nullum
1595 357 1747 393 omnino
1772 357 1912 406 fuisse,
1945 339 2066 407 neque¹
2083 371 2162 397 esse

231 436 485 476 Plutarchum,
511 445 618 481 quam
642 439 684 470 ut
709 434 877 470 dicatur:
899 433 1138 471 Plutarchum
1162 434 1344 470 hominem
1366 435 1657 475 inconstantem.
1682 436 1919 484 mutabilem,
1942 450 2096 486 pronum
2116 438 2161 475 ad

232 525 348 563 iram,
369 516 559 551 vindictae
582 516 629 549 ob
656 515 866 551 levissimas
889 526 1013 550 causas
1040 517 1231 562 cupidum,
1270 515 1317 549 ob
1348 516 1501 550 minima
1533 528 1693 561 quaeque
1725 518 1975 562 indignantem
1992 530 2003 551 ε
2035 520 2100 564 qui
2129 519 2162 553 si

233 598 408 636 vocandis
434 596 479 632 ad
493 608 638 631 coenam
663 595 750 630 aliis
777 596 894 641 ipsum
921 602 1148 642 praetereas,
1175 601 1237 631 aut
1262 596 1499 641 occupatione
1524 595 1722 644 impeditus
1747 598 1790 632 ad
1816 609 1899 635 eum
1913 609 1987 632 nou
2012 600 2163 635 veneris

232 679 451 723 salutatum,
483 674 667 711 mordicus
701 680 848 721 arrepto
887 675 959 711 tibi
986 688 1119 723 corpus
1145 674 1292 722 exedat,
1333 680 1396 710 aut
1429 674 1547 710 filium
1584 675 1777 722 abreptum
1810 677 2066 725 excarnifioet,
2101 685 2164 715 aut

231 758 388 797 belluam
412 755 456 791 ad
482 755 549 790 boc
573 755 756 790 educatam
779 755 948 800 frugibus
970 755 1047 791 tuis
1074 755 1248 791 immittat
1269 759 1462 801 vastetque
1482 759 1685 801 proventus
1709 753 1869 793 telluris.

373 847 594 884 Plutarchus
618 851 652 881 et
675 846 878 882 Timoxena
903 846 1035 882 Bacchi
1061 846 1177 881 sacris
1204 846 1347 882 initiati
1371 851 1474 881 erant
1491 846 1553 891 8¹).

374 939 538 975 Divitiis
563 938 785 973 Plutarchus
810 951 883 973 non
906 939 1070 973 caruisse
1096 939 1257 975 videtur.
1306 938 1413 975 Dicit
1437 938 1535 973 enim
1558 938 1598 973 in
1622 938 1761 975 consol.
1789 939 1832 974 ad
1856 950 2009 975 uxorem
2035 951 2111 986 cap.
2127 942 2162 977 9.

229 1021 362 1069 „Noli
392 1020 576 1065 respicere
599 1018 780 1066 lacrymas
802 1019 1016 1065 hominum,
1042 1021 1105 1066 qui
1128 1020 1170 1055 ad
1193 1026 1228 1054 te
1251 1020 1409 1055 veniunt
1429 1031 1549 1055 casum
1574 1025 1675 1054 tuum
1698 1020 1932 1063 miserantes;
1957 1019 2019 1054 sed
2039 1021 2163 1064 potius

228 1101 442 1146 considera,
465 1099 644 1146 quomodo
673 1099 703 1133 ii
725 1082 797 1134 tibi
820 1099 1016 1135 invideant
1038 1100 1084 1135 ob
1106 1099 1261 1144 liberos,
1287 1100 1452 1142 domum,
1475 1099 1632 1137 vitam.“
1668 1099 1711 1134 Si
1736 1099 1927 1135 Plutarchi
1950 1099 2076 1135 domus
2103 1099 2162 1134 in-

227 1182 369 1218 vidiam
395 1180 598 1226 excitabat,
630 1181 708 1222 ejus
734 1191 816 1214 sors
844 1180 981 1225 optima
1008 1180 1120 1215 fuisse
1151 1180 1277 1225 debet3
1309 1192 1350 1214 ac
1372 1180 1440 1222 jam
1466 1179 1563 1225 patri
1588 1177 1779 1216 Plutarchi
1806 1191 1952 1225 magnae
1980 1184 2084 1215 erant
2106 1179 2162 1215 di-

226 1261 369 1304 vitiae,
407 1270 496 1305 quas
535 1258 616 1293 filio
649 1258 816 1304 reliquit.
879 1259 975 1304 Opes
1013 1265 1049 1293 et
1086 1259 1254 1293 fortunae
1289 1259 1382 1292 bona
1421 1258 1621 1292 Plutarcho
1658 1257 1794 1305 fuisse,
1836 1271 1881 1294 ex
1916 1258 1990 1293 alio
2026 1270 2169 1304 quoque

227 1341 308 1375 loco
320 1341 372 1384 8²)
404 1339 622 1374 concludere
664 1338 773 1383 licet,
808 1339 870 1372 ubi
906 1351 943 1372 se
967 1339 1111 1372 felicem
1135 1339 1321 1379 nominat,
1355 1338 1452 1382 quod
1477 1351 1671 1384 numquam
1693 1345 1838 1375 coactus
1869 1340 2027 1385 fuisset,
2060 1352 2168 1384 pecu-

222 1418 321 1455 niam
346 1419 511 1464 accipere
537 1415 691 1452 fenore:
716 1414 865 1462 Neque,
890 1415 1036 1464 inquit,
1062 1416 1132 1452 hoc
1158 1428 1215 1453 me
1240 1416 1363 1453 dicere
1386 1416 1547 1464 putetis,
1587 1417 1692 1464 quasi
1716 1417 1781 1465 qui
1813 1416 1948 1454 bellum
1987 1417 2168 1455 fenerato-

224 1499 329 1534 ribus
355 1497 579 1532 indixerim:
601 1496 845 1542 „Numquam
868 1495 966 1529 enim
989 1495 1080 1530 mihi
1104 1496 1219 1531 boves
1242 1508 1401 1542 equosve
1426 1496 1655 1531 deduxerunt
1669 1496 1713 1542 ,“
1736 1502 1839 1532 acute
1865 1496 1951 1532 haec
1977 1498 2091 1533 verba
2125 1498 2168 1534 ad

226 1576 472 1614 tocullionum
511 1576 766 1613 crudelitatem
791 1575 989 1623 adhibens,
1030 1587 1121 1621 quae
1145 1575 1316 1612 Achilles
1343 1576 1517 1618 Troianis
1541 1576 1703 1620 dixerat,
1734 1577 1797 1624 qui
1822 1577 1979 1614 Menelai
2011 1590 2161 1615 uxorem

225 1659 474 1705 abripuerant.
499 1676 547 1683 —

350 1816 401 1860 8⁰)
453 1814 556 1848 Plut.
592 1816 631 1848 in
671 1813 738 1850 lib.
776 1813 825 1848 de
863 1815 1069 1860 superstit.
1104 1827 1188 1861 cap.
1225 1816 1281 1850 10.
1330 1812 1480 1858 ,,“Έγωγ’
1517 1812 1582 1849 οὖν
1617 1812 1663 1848 ἄν
1687 1814 1851 1860 ἐθέλοιμι
1874 1816 2018 1859 μᾶλλον
2044 1814 2159 1859 [τοὺς]

222 1878 443 1929 ἀνθρώπους
466 1878 582 1923 λέγειν
616 1877 698 1925 περὶ
736 1877 841 1924 ἐμοῦ,
875 1877 964 1924 μήτε
987 1878 1176 1924 γεγονέναι
1199 1876 1431 1924 τοπαράπαν
1455 1878 1544 1924 μήτε
1576 1877 1668 1914 εἶναι
1692 1878 1963 1927 Πλούταρχον,
1988 1877 2008 1921 ἢ
2030 1880 2158 1925 λέγειν,

220 1942 285 1979 ὅτι
306 1940 553 1991 Πλούταρχός
575 1940 896 1991 ἐστιν’-ἄνθρωπος
917 1942 1100 1988 ἀβέβαιος,
1121 1941 1379 1989 εὐμετάβολος,
1401 1941 1543 1990 εὐχερὴς
1560 1944 1652 1992 πρὸς
1675 1942 1792 1992 ὀργὴν,
1816 1943 1877 1978 ἐπὶ
1900 1950 1982 1986 τοῖς
1999 1945 2159 1992 τυχοῦσι

219 2006 475 2057 τιμωρητικὸς,
512 2006 757 2056 μικρόλυπος·
791 2006 837 2042 ἄν
871 2008 995 2041 καλῶν
1023 2007 1083 2041 ἐπὶ
1108 2008 1257 2043 δεῖπνον
1285 2008 1441 2056 ἑτέρους,
1470 2008 1682 2057 παραλίπῃς
1708 2008 1853 2043 ἐκεῖνον·
1894 2006 1952 2052 ἂν,
1977 2007 2158 2056 ἀσχολίας

221 2085 282 2107 σοι
315 2071 517 2119 γενομένης,
553 2071 614 2105 ἐπὶ
649 2072 764 2121 ,θύρας
798 2070 842 2117 μὴ
877 2070 1001 2118 ἔλθῃς,
1035 2069 1124 2116 ἡμὴ
1149 2071 1361 2121 προςείπῃς·
1395 2072 1555 2106 διέδεταί
1579 2086 1650 2106 σου
1676 2071 1724 2106 τὸ
1753 2073 1859 2119 σῶμα
1885 2072 2063 2121 προςφὺς,
2097 2068 2158 2107 καὶ

219 2135 419 2183 συλλαβὼν
442 2135 720 2183 ἀποτυμπανιεῖ
743 2135 792 2170 τὸ
818 2136 977 2180 παιδίον,
1002 2134 1023 2178 ἦ
1044 2136 1177 2185 θηρίου
1199 2135 1292 2183 ἔχων
1312 2143 1393 2178 τοῖς
1416 2138 1581 2183 καρποῦς
1606 2135 1743 2183 ἐφήσει,
1766 2137 1827 2173 καὶ
1852 2138 2069 2184 λυμανεῖται
2090 2136 2157 2178 τὴν

219 2201 408 2252 ὀπώραν.“

351 2268 401 2311 81)
453 2267 503 2302 cf.
530 2267 635 2303 Plut.
660 2266 807 2303 consol.
834 2263 879 2300 ad
905 2276 1072 2302 uxorem
1095 2276 1176 2312 cap.
1205 2267 1262 2303 10.
1295 2265 1415 2310 ,,οἶδα,
1440 2262 1505 2300 ὅτι
1524 2265 1652 2302 κωλύει
1677 2279 1720 2302 σε
1740 2266 1928 2304 πιστεύειν
1952 2267 1973 2302 ὁ
1998 2265 2155 2315 πάτριος

220 2332 327 2377 λόγος
352 2331 414 2365 καὶ
440 2329 494 2364 τὰ
519 2328 685 2376 μυστικὰ
709 2329 878 2375 σύμβολα
897 2330 972 2364 τῶν
996 2329 1080 2379 περὶ
1103 2328 1174 2364 τὸν
1200 2328 1383 2366 Διόνυσον
1414 2330 1637 2378 ὀργιασμῶν,
1675 2330 1700 2366 ἃ
1727 2330 1899 2379 σύνισμεν
1924 2330 2099 2372 ἀλλήλοις
2120 2332 2156 2364 οἱ

219 2396 512 2437 κοινωνοῦντες.“

346 2461 396 2504 ⁸²)
445 2473 483 2496 v.
512 2460 615 2497 Plut.
646 2460 715 2496 lib.
740 2457 787 2494 de
816 2457 982 2495 vitando
1007 2471 1100 2496 aere
1123 2461 1257 2497 alieno
1293 2470 1377 2507 cap.
1404 2458 1438 2495 6.
1482 2459 1579 2503 »Καὶ
1601 2461 1729 2495 ταῦτα
1753 2459 1798 2508 μή
1821 2473 1863 2508 με
1887 2458 2013 2495 οἴεσθε
2036 2458 2152 2505 λέγειν

216 2523 379 2570 πόλεμον
398 2523 636 2572 ἐξενηνοχότα
658 2522 749 2573 πρὸς
774 2522 864 2563 τοὺς
888 2523 1101 2565 δανειστάς·

456 2601 511 2636 Οὐ
535 2599 606 2649 γὰρ
631 2600 786 2635 πώποτ’
810 2600 896 2646 ἐμᾶς
922 2600 1008 2645 βοῦς
1031 2598 1185 2644 ἤλασαν,
1214 2597 1297 2634 οὐδὲ
1319 2597 1382 2646 μὲν
1405 2598 1581 2642 ἵππους.“
