2436 3151
1211 80 1245 128 9

262 222 433 270 ptoribus
468 213 684 264 nominata)-
716 218 821 254 illius
864 219 961 254 Julli
989 219 1120 256 Sabini
1156 230 1286 262 uxore,
1322 219 1386 264 qui
1412 226 1537 255 contra
1560 220 1825 265 Vespasianum
1857 220 2047 295 Ca*
2071 221 2184 256 defec-

262 303 378 338 tionis
403 307 533 339 auctor
549 300 630 335 ¹fuit
648 301 688 335 in
712 301 848 346 Gallia,
872 301 1016 337 locutus
1039 306 1104 338 est.
1155 300 1291 346 Ipsam,
1323 300 1455 346 inquit,
1482 302 1616 337 Caesar
1638 301 1836 347 interfecit,
1864 302 1926 337 sed
1952 302 2072 339 caedis
2096 313 2182 348 poe-

260 395 326 419 nas
348 381 463 425 dedit,
485 380 616 427 exiguo
638 381 814 428 temporis
835 382 959 430 spatio
988 385 1064 416 tota
1086 380 1202 428 ipsius
1225 380 1341 426 stirpe
1361 380 1524 417 funditus
1549 380 1752 417 interemta.
1802 381 1896 418 Nam
1917 381 1950 416 si
1974 382 2184 416 universum

260 460 479 509 Vespasiani
506 471 631 509 genus,
661 472 741 496 cum
764 459 982 495 Plutarchus
1006 461 1091 495 haec
1106 461 1305 504 scriberet,
1331 462 1474 505 penitus
1500 462 1573 496 suit
1598 462 1831 505 exstinctum,
1853 468 1889 495 et
1912 462 2020 496 Titus
2045 467 2082 495 et
2106 463 2182 496 Do-

260 544 457 588 mitianus,
479 553 570 588 quos
594 542 692 576 filios
715 541 915 587 reliquerat
946 542 1213 587 Vespasianus,
1237 544 1306 584 iam
1331 543 1372 577 ad
1402 544 1538 580 inferos
1564 544 1740 579 abierant.
1771 543 1868 578 Idem
1891 544 2107 579 confirmant
2129 555 2181 588 ea,

260 635 350 670 quae
375 624 416 659 in
441 621 583 657 Numae
609 621 671 656 vit.
697 633 772 667 cap.
799 621 909 659 XIX.
938 623 1189 666 inveniuntur,
1212 622 1463 660 Domitianum
1485 636 1641 659 mensem
1665 622 1909 668 Septembrem
1933 629 1967 658 et
1985 623 2183 659 Octobrem

259 705 338 740 suis
374 701 683 751 appellationibus
716 702 1036 747 transnominasse,
1068 714 1193 740 verum
1230 702 1322 739 haud
1354 704 1390 739 id
1421 704 1496 741 diu.
1557 704 1641 748 Quo
1677 703 1876 748 trucidato,
1913 704 2090 749 recepisse
2121 715 2183 740 eos

258 785 386 830 priora
411 782 568 818 nomina.

375 862 567 908 Traianus,
585 860 643 898 cui
655 861 948 910 apophthegmata
963 862 1224 910 imperatorum
1237 868 1273 899 et
1283 874 1405 911 regum
1422 863 1624 909 dedicavit,
1641 875 1671 899 a.
1685 864 1749 900 Ch.
1763 866 1844 901 100.
1860 862 1996 897 bellum
2008 863 2182 898 Dacicum

260 943 469 980 commovit.
519 943 563 977 Id
587 947 689 977 tanto
716 941 848 977 melius
870 948 912 977 ut
936 955 1062 989 gerere
1090 950 1224 990 posset,
1247 947 1286 980 in
1313 944 1411 980 Istro
1436 950 1586 990 pontem
1616 945 1766 988 struxit,
1799 945 1938 979 demum
1965 957 1995 981 a.
2023 948 2102 982 106,
2139 947 2183 982 ab

258 1018 469 1059 architectis
494 1022 707 1068 perfectum,
733 1033 805 1068 quo
823 1033 917 1057 anno
939 1023 1051 1058 simul
1077 1024 1212 1058 bellum
1237 1025 1355 1069 ipsum
1378 1025 1557 1065 Traianus
1583 1024 1753 1060 confecit.
1804 1022 1900 1058 Haec
1915 1024 2065 1066 Traiani
2091 1030 2181 1060 tem-

257 1116 346 1151 pora
361 1103 579 1139 Plutarchus
603 1103 770 1149 respicit*
783 1104 824 1138 in
846 1101 911 1138 lib.
937 1103 980 1138 de
1005 1104 1125 1149 primo
1158 1104 1298 1150 frigido
1331 1117 1405 1151 cap.
1430 1105 1522 1141 XII.
1545 1104 1579 1152 ξ.
1607 1107 1655 1150 5.,
1682 1104 1770 1141 ubi:
1796 1104 1884 1138 adeo
1908 1106 2018 1150 nihil,
2043 1106 2179 1152 inquit,

258 1184 298 1220 in
324 1183 506 1230 profundo
540 1185 616 1228 agit
642 1182 774 1228 frigus.
821 1182 874 1218 At
906 1192 992 1219 vero
1025 1194 1114 1229 quae
1138 1185 1178 1219 in
1203 1195 1342 1219 summo
1367 1190 1475 1230 sunt,
1502 1187 1554 1220 ita
1580 1196 1599 1219 a
1627 1184 1859 1220 concretione
1889 1184 1957 1218 ista
1983 1188 2181 1227 mutantur,

257 1270 299 1301 ut
322 1276 412 1311 aqua
437 1267 477 1301 in
503 1277 541 1300 se
568 1270 692 1301 coacta
716 1270 822 1310 atque
854 1276 1055 1311 compressa
1079 1276 1185 1300 naves
1204 1264 1358 1302 collidat
1383 1278 1424 1301 ac
1443 1265 1645 1312 perfringat
1675 1271 1717 1301 ut
1750 1269 1944 1311 testantur,
1972 1264 2036 1311 qui
2057 1268 2180 1299 nostra

256 1345 430 1380 memoria
452 1357 533 1379 cum
562 1344 714 1380 Caesare
741 1344 784 1379 ad
808 1344 945 1379 Istrum
968 1346 1008 1380 in
1032 1344 1198 1380 hibernis
1224 1345 1383 1384 fuerunt.
1410 1368 1458 1374 —

399 1441 471 1476 Sed
493 1440 592 1476 ultra
617 1440 726 1475 etiam
751 1440 902 1482 Traiani
928 1446 1096 1487 tempora
1121 1441 1355 1477 Plutarchum
1382 1442 1537 1487 vixisse,
1562 1442 1628 1477 sub
1649 1442 1834 1477 Hadriano
1862 1442 2092 1487 imperatore,
2118 1441 2181 1487 qui

257 1531 289 1556 a.
316 1520 381 1556 Ch.
407 1522 489 1557 117.
539 1520 699 1561 Traiano
725 1520 914 1564 successit,
942 1520 1195 1568 Hieronymus
1226 1523 1266 1556 in
1300 1521 1504 1556 Eusebiano
1530 1521 1701 1556 chronico
1736 1522 1851 1556 tradit
1887 1522 1929 1555 ad
1953 1520 2014 1555 Ol.
2040 1521 2122 1556 2222.
2149 1531 2179 1555 a.

260 1601 295 1638 3.
309 1599 372 1637 vel
402 1598 579 1635 Hadriani
599 1601 647 1642 3.‚
669 1597 726 1634 vel
746 1597 811 1636 Ch.
838 1601 917 1637 119.
968 1599 1188 1636 Plutarchus
1214 1600 1458 1646 Chaeroneus,
1485 1601 1620 1646 inquit,
1652 1605 1687 1634 et
1711 1600 1842 1635 Sextus
1870 1605 1906 1633 et
1930 1589 2183 1644 Agathobulus

261 1684 297 1714 et
323 1679 527 1714 Oenomaus
562 1679 805 1727 philosophus
842 1679 1005 1724 insignes
1027 1680 1217 1715 habentur.
1269 1681 1458 1726 Suspicari
1480 1681 1598 1726 possis
1631 1681 1698 1714 hoc
1723 1679 1804 1714 loco
1829 1680 2009 1721 juniorem
2035 1679 2182 1714 Plutar-

260 1759 381 1806 chum,
404 1759 525 1794 nostri
549 1758 680 1804 filium,
707 1736 902 1795 denotaris
936 1759 1009 1797 Sed
1031 1759 1074 1795 de
1096 1765 1222 1795 nostro
1244 1760 1442 1795 Plutarcho
1456 1760 1722 1805 Hieronymum
1740 1759 1856 1805 loqui,
1885 1759 2064 1803 Georgius
2085 1758 2181 1805 Syn-

260 1840 375 1877 cellus
399 1841 503 1876 docet
517 1842 567 1885 2⁰)
589 1840 626 1874 in
648 1823 935 1885 chronographia
961 1852 1024 1876 sua
1051 1842 1117 1876 sub
1144 1845 1366 1887 imperatore
1401 1841 1596 1876 Hadriano,
1649 1840 1746 1874 Idem
1783 1840 1962 1881 conjicere
1995 1838 2105 1873 liccat
2138 1850 2182 1873 ex

260 1921 363 1966 libr„
390 1933 475 1955 num
500 1921 580 1954 seni
614 1931 708 1964 resp.
732 1919 887 1963 gerenda
913 1920 964 1954 sit
996 1932 1072 1965 cap.
1105 1920 1234 1957 XVII.
1262 1920 1295 1966 ξ,
1327 1924 1375 1964 3.,
1402 1922 1464 1956 ubi
1503 1921 1720 1955 Plutarchus
1745 1920 1849 1964 dicit,
1874 1932 1912 1954 se
1938 1918 2038 1954 valde
2060 1931 2180 1953 senem

259 2000 386 2044 fuisse,
410 2012 490 2046 cum
515 1997 704 2045 Apollinis
737 1997 939 2033 sacerdotio
973 1997 1211 2045 fungeretur3
1232 2004 1268 2035 et
1292 1999 1334 2035 de
1357 2000 1510 2047 Pythiae
1536 1999 1695 2034 oraculis
1719 2011 1794 2046 cap.
1821 1999 1975 2034 XXIX.
2001 2004 2178 2042 extremo,

260 2081 325 2117 ubi
346 2092 383 2115 se
405 2081 527 2125 jactat,
554 2079 597 2115 ad
621 2079 786 2125 Delphos
816 2078 1044 2114 adornandos
1076 2079 1233 2115 multum
1268 2080 1478 2123 contulisse,
1510 2081 1608 2126 quod
1643 2080 1710 2115 sub
1742 2080 1929 2115 Hadriano
1953 2080 2083 2114 factum
2111 2084 2179 2123 est,

261 2173 366 2209 quem
392 2160 435 2197 de
459 2160 611 2196 Graecia
635 2159 725 2195 bene
747 2160 916 2196 meritum
944 2161 1057 2196 fuisse
1080 2165 1233 2197 constat.

404 2232 574 2278 Ceterum
599 2246 698 2278 certo
717 2241 941 2288 testimonio,
966 2254 1039 2288 quo
1068 2242 1354 2285 demonstretur,
1371 2242 1483 2278 etiam
1502 2246 1588 2288 post
1606 2241 1842 2283 Hadrianum,
1868 2252 1950 2276 cum
1970 2239 2181 2275 Antoninus

262 2322 354 2359 Pius
374 2334 404 2360 a.
433 2322 498 2360 Ch.
528 2323 608 2360 138.
640 2322 834 2369 imperium
855 2328 1039 2358 assecutus
1072 2323 1285 2368 imperaret,
1315 2321 1553 2356 Plutarchum
1576 2327 1743 2356 nostrum
1767 2322 1916 2367 vixisse,
1950 2320 2054 2366 plane
2082 2331 2183 2355 care-

398 2492 448 2536 20)
497 2491 545 2526 cf.
579 2488 727 2538 Script.
762 2492 916 2527 Histor.
951 2492 1114 2537 Byzant.
1144 2500 1286 2535 corpus
1311 2487 1372 2524 ed.
1403 2488 1598 2525 Niebuhr.
1624 2488 1715 2524 Vol.
1746 2486 1773 2523 l.
1796 2499 1882 2538 pag.
1909 2488 1991 2526 659.
2041 2488 2187 2531 „nze-„2-

265 2566 404 2604 ταρχος
438 2553 637 2605 Χαιρωνεὺς
668 2554 880 2605 φιλόσοφος
918 2553 1170 2605 ἐπιτροπεύειν
1202 2551 1379 2595 Ἑλλάδος
1412 2550 1486 2587 ὑπὸ
1528 2553 1600 2586 τοῦ
1642 2550 1922 2602 αὐτοκράτορος
1962 2552 2184 2593 κατεστάθη

266 2618 422 2668 γηραιός.
454 2621 589 2666 Σέξτος
613 2618 822 2668 φιλόσοφος
846 2621 908 2656 καὶ
926 2620 1199 2667 ’Λγαὸόβουλος
1222 2618 1283 2652 καὶ
1306 2617 1487 2664 Οἰνόμαος
1510 2615 1758 2665 ε’γνωρίζετο.“
1782 2638 1828 2645 -

663 2696 667 2700 ’
1689 2691 1712 2726 2
