2436 3151
1173 111 1203 163 7

223 253 315 295 satis
333 254 451 294 certis
475 265 517 289 sc
542 253 748 299 perspicuis
766 253 919 290 indiciis
941 251 1133 290 teneatur?
1166 251 1342 286 veterum
1366 254 1509 298 quidem
1533 255 1758 302 scriptorum
1785 255 1829 290 de
1851 235 1983 306 h*
2006 262 2153 291 senten-

224 333 434 375 tiaoyvalde
470 333 569 372 iuter
599 345 638 369 se
676 335 906 379 discrepant,
942 338 980 368 et
1014 338 1056 368 ut
1094 343 1170 367 rem
1199 330 1306 377 plane
1335 338 1505 377 tractem,
1546 344 1670 368 eorum
1717 336 1915 380 opiniones
1956 336 2153 381 proferam.

223 412 466 458 origenesu,
502 411 700 449 Plutarcho
741 425 780 450 se
797 423 1002 458 „supparem
1028 423 1141 458 neque
1165 410 1281 447 multo
1309 417 1420 448 aetate
1447 412 1687 459 posteriorem
1713 420 1834 459 aperte
1872 415 1972 451 facit.
2025 416 2156 462 Orige-

223 504 304 535 ηομ
337 496 460 529 autem
491 492 741 531 Alexandriae
765 497 890 528 natum
923 504 1000 529 esse
1028 505 1059 528 a.
1098 494 1179 530 191.
1205 503 1239 538 p.
1268 491 1331 528 Ch.
1354 495 1603 539 comperimus
1626 504 1672 528 ex
1697 493 1801 529 fastis
1827 495 1989 541 Siculis,
2016 501 2053 530 et
2075 509 2155 531 eum

222 573 394 610 floruisse
432 585 463 610 a.
496 576 579 612 23⁰.
612 580 715 609 notat
745 573 924 609 Eusebius
940 573 998 618 ¹⁵).
1050 573 1230 610 Strictius
1268 572 1420 609 Photius
1455 573 1885 620 Constantinopolitanus
1918 576 2156 612 Plutarchum

222 654 385 689 Neronis
409 653 638 701 temporibus
663 654 802 690 vixisse
826 654 920 690 dicit
936 655 994 698 ¹⁶).
1034 653 1279 689 strictissime
1305 653 1543 698 Eusebiusw)
1569 655 1718 700 prodit,
1744 654 1906 691 Neronis
1925 669 2018 693 anno
2044 658 2153 693 XIV.

223 735 437 771 Musonium
454 740 490 769 et
511 733 744 770 Plutarchum
768 735 861 776 fama
884 735 1048 780 insignes
1065 735 1201 777 fuisse3
1229 746 1437 781 quamquam
1466 735 1560 771 idem
1587 734 1665 772 alio
1689 734 1774 773 loco
1796 737 1843 782 ¹⁸)
1869 736 1938 772 hoc
1962 738 2000 773 in
2027 739 2159 775 Hadri-

221 816 283 852 ani
314 820 501 861 tempora,
536 815 578 851 ad
612 827 747 852 annum
784 818 864 854 119.
893 827 928 862 p.
960 815 1026 853 Ch.
1053 816 1187 857 rejicit.
1239 814 1371 850 Suidas
1404 816 1559 862 denique
1582 815 1729 863 narrat,2
1753 816 1900 853 vixisse
1923 817 2157 854 Plutarchum

221 895 372 937 Traiani
403 895 569 931 Caesaris
591 895 821 944 temporibus
846 899 882 930 et
911 897 1019 931 etiam
1043 900 1137 930 ante.

328 975 426 1020 Quae
448 976 649 1010 sententiae
664 976 786 1027 obiter
799 980 835 1009 et
855 976 1096 1009 communiter
1111 975 1153 1009 de
1170 975 1359 1009 Plutarchi
1380 980 1494 1009 aetate
1519 974 1685 1022 prolatae
1709 977 1959 1012 conciliandae
1984 985 2091 1022 sunt,
2125 981 2158 1013 si

221 1056 404 1101 ponimus,
434 1055 528 1090 alios
556 1054 852 1098 adolescentiam,
866 1054 960 1089 alios
980 1054 1133 1090 virilem
1156 1060 1322 1097 aetatem,
1351 1054 1446 1090 alios
1470 1059 1695 1091 senectutem
1722 1057 1954 1100 spectavisse.
2005 1048 2159 1103 Quando

221 1141 342 1173 autem
367 1134 586 1170 Plutarchus
612 1140 718 1170 natus
740 1136 804 1180 sit,
825 1135 963 1182 ‘optime
988 1133 1260 1176 conjiciendum
1288 1138 1342 1167 est
1368 1145 1386 1167 e
1417 1132 1483 1170 lib.
1508 1134 1550 1168 de
1573 1134 1615 1169 Ei
1639 1132 1809 1179 Delphic.
1832 1147 1907 1181 cap.
1934 1136 1979 1181 1.,
2008 1137 2157 1173 Plutar-

222 1215 289 1249 cho
310 1220 504 1250 narrante:
531 1218 796 1259 interrogatum
821 1215 1000 1260 Delphis,
1024 1216 1111 1260 quid
1140 1215 1227 1248 haec
1249 1214 1446 1258 inscriptio
1471 1215 1718 1259 significaret,
1747 1227 1798 1259 se,
1824 1228 1898 1261 quo
1923 1218 2056 1253 melius
2081 1231 2158 1254 rem

222 1295 421 1341 expediret,
454 1295 546 1341 apud
579 1296 752 1341 templum
779 1296 1001 1341 consedisse,
1035 1295 1100 1330 ubi
1139 1294 1216 1340 ipse
1241 1292 1345 1330 locus
1385 1293 1533 1339 ipsaque
1558 1289 1758 1336 disputatio
1784 1294 1857 1330 sibi
1886 1295 1925 1331 in
1950 1301 2161 1335 memoriam

221 1379 443 1419 revocasset,
475 1374 710 1409 Ammonium
746 1375 1015 1421 philosophum,
1053 1384 1124 1419 quo
1145 1379 1306 1418 tempore
1332 1373 1436 1407 Nero
1470 1373 1562 1417 apud
1588 1373 1754 1418 Delphos
1775 1381 1870 1409 esset
1893 1379 2159 1422 peregrinatus,

221 1456 343 1487 eadem
367 1455 580 1499 quaestione
604 1460 745 1500 exorta,
780 1455 824 1490 de
847 1454 893 1489 Ei
918 1453 1010 1500 apud
1045 1452 1207 1499 Delphos
1230 1452 1459 1487 disseruisse.
1510 1450 1646 1486 Varias
1670 1455 1870 1489 sententias
1895 1460 1972 1490 tum
1998 1457 2159 1501 prolatas

220 1539 257 1568 et
277 1545 377 1568 suam
404 1533 521 1578 ipsius
543 1533 824 1579 explicationem
846 1535 889 1569 de
913 1534 1182 1579 significatione
1205 1533 1313 1569 vocis
1343 1532 1389 1567 Ei
1422 1530 1561 1577 templo
1590 1531 1788 1579 inscriptae
1815 1534 2032 1572 Plutarchus
2056 1549 2159 1584 repe-

220 1614 270 1649 tit
289 1617 332 1659 ,et
358 1611 459 1647 addit
486 1624 562 1659 cap.
595 1612 736 1657 xvn„
761 1612 996 1648 Ammonium
1021 1617 1205 1658 postremo
1230 1611 1383 1656 dixisse,
1415 1622 1490 1646 non
1517 1611 1709 1646 convenire
1735 1613 1879 1658 quidem
1904 1614 1995 1650 hanc
2017 1617 2161 1652 adoles-

221 1698 364 1727 centum
391 1694 678 1738 disputationem
695 1697 809 1729 nimis
828 1694 1012 1737 refellere,
1028 1694 1091 1727 sed
1109 1693 1377 1738 respiciendum
1402 1704 1479 1727 esse
1496 1698 1563 1727 etc.
1614 1692 1670 1727 Ex
1688 1705 1762 1738 quo
1786 1700 1900 1739 patet,
1922 1695 2160 1732 Plutarchum

221 1773 392 1814 iuvenem
419 1773 457 1807 in
482 1772 719 1819 philosophia
747 1773 981 1809 Ammonium
1008 1750 1258 1820 disputanti&
1280 1772 1477 1818 audivisse,
1506 1777 1762 1819 quojempore
1790 1773 1830 1809 in
1854 1773 2046 1812 Graeciam
2071 1777 2160 1813 Del-

220 1852 382 1899 phosque
405 1852 506 1888 Nero
534 1852 719 1900 profectus
738 1841 800 1887 s'it.

352 2067 399 2112 ¹⁴)
449 2066 629 2112 Origenes
652 2064 718 2101 lib.
744 2064 793 2101 V.
814 2063 882 2099 sub
909 2063 1034 2110 finem,
1058 2070 1187 2102 contra
1217 2064 1381 2103 Celsum.
1421 2065 1612 2107 „vomu-ra
1634 2064 1673 2099 δὲ
1706 2065 1908 2111 ἀνέγνωμεν
1941 2065 2045 2114 παρά
2073 2078 2156 2098 τισι

222 2133 297 2167 τῶν
324 2133 514 2181 νεωτέρων,
540 2132 603 2167 καὶ
624 2129 715 2179 χθὲς
736 2129 798 2165 καὶ
820 2129 942 2179 πρώην
962 2132 1208 2176 γεγενημένων,
1234 2128 1355 2180 ὥσπερ
1379 2127 1484 2179 παρὰ
1506 2129 1562 2176 τῷ
1571 2131 1751 2180 Χαιρωνεῖ
1763 2127 2006 2179 ᾞλωτάρχῳ
2018 2129 2056 2166 ἐν
2074 2135 2156 2172 τοῖς

221 2194 305 2246 περὶ
326 2195 480 2243 ψυχῆς.“

353 2277 401 2317 ¹⁵)
449 2274 580 2310 Euseb.
602 2274 645 2310 P.
670 2274 835 2309 chronic.
859 2274 925 2309 lib.
950 2273 1000 2307 11.
1027 2286 1129 2310 num.
1153 2275 1259 2310 2245.

356 2357 404 2400 ¹⁶)
453 2354 562 2389 Phot.
580 2354 752 2390 biblioth.
781 2355 959 2391 Cod.245
976 2355 1014 2388 in
1033 2355 1116 2390 fine.
1166 2355 1236 2397 „‘O
1260 2352 1298 2388 δὲ
1321 2353 1581 2402 Πλούταρχος,
1608 2354 1656 2395 ὡς
1679 2353 1798 2396 αὐτὸς
1822 2353 1892 2391 κάν
1910 2355 1965 2398 τῷ
1992 2351 2161 2400 παρόντι

224 2417 449 2472 παραλλήλῳ
462 2417 525 2455 καὶ
544 2416 582 2455 ἐν
607 2417 738 2462 ἄλλοις
762 2417 893 2467 φησὶν,
914 2416 976 2457 ἐπὶ
998 2419 1071 2453 τοῦ
1091 2417 1257 2469 Νέρωνος
1283 2415 1360 2459 ἧν.“
1391 2438 1440 2444 --

356 2500 404 2547 ¹⁷)
453 2500 592 2537 Euscb.
615 2499 750 2555 chron.
774 2500 843 2536 lib.
869 2499 922 2536 11.
950 2511 1056 2536 num.
1083 2501 1190 2536 2084.
1221 2498 1282 2534 ad.
1313 2499 1375 2534 01.
1399 2501 1482 2534 21¹.
1510 2511 1544 2534 a.
1572 2501 1606 2534 lt.

244 2611 246 2615 ,
329 2610 332 2615 Α
356 2581 405 2624 ¹⁸)
454 2583 594 2619 Euseb.
619 2581 760 2618 chr-on.
792 2582 870 2618 lib..
892 2580 949 2618 111.
971 2594 1079 2621 num.
1110 2582 1217 2618 2135.
1241 2578 1288 2615 ad
1313 2580 1374 2617 01.
1401 2580 1483 2617 222⁸.
1510 2591 1544 2615 a.
1570 2580 1604 2615 3.
1642 2579 1916 2628 ,,Πλούταρχος
1938 2578 2151 2626 Χαιρωνεὴ,

226 2644 362 2690 Σέξτος
387 2645 451 2682 καὶ
472 2642 748 2693 ’Δγαθόβουλος
770 2643 981 2693 φιλόσοφοι
1005 2642 1276 2696 ὶγνωρίζοντο.“
1293 2664 1339 2671 -
