2436 3151
1155 56 1218 107 10

226 209 329 243 mu„
454 195 457 197 ’
533 209 569 232 m
592 197 651 232 vir
676 196 834 233 maximo
857 197 987 233 doctus
1012 197 1057 234 G.
1079 199 1115 234 J.
1140 200 1313 245 vossius,
1337 200 1382 235 dn
1396 200 1537 240 histor.
1564 201 1693 241 ΕΜ
1722 203 1790 243 lib.
1808 204 1861 243 11.
1883 215 1961 252 cap.
1980 210 2041 246 lo,
2064 208 2154 251 mu.

227 280 389 315 manum
413 196 580 313 'grume
607 276 674 311 sub
696 276 890 313 Antonino
911 276 981 312 Pio
1006 277 1140 313 factum
1158 290 1236 314 esse
1261 279 1454 325 Apollinis
1475 281 1608 329 Pythii
1630 284 2091 332 noemaem,.ut1iqum
2110 299 2156 329 ,χ

228 360 324 394 libro
364 360 460 401 ejus,
501 369 587 391 num
618 358 701 391 seui
736 356 942 401 respublica
971 360 1130 400 gerenda
1155 359 1239 402 sit,
1279 359 1349 394 ubi
1378 360 1598 396 Plutarchus
1627 362 1773 407 quidem
1797 364 1912 409 die-it,
1945 367 2014 407 iam
2031 377 2156 405 senem

226 439 417 487 Apollinis
439 436 573 486 Pythii
596 449 635 474 se
658 437 882 474 sacerdotem
904 434 1053 482 fuisse3·
1078 443 1114 474 at
1139 438 1206 476 sub
1228 439 1424 477 Antonino
1445 440 1518 479 Pio
1541 454 1621 479 eum
1645 442 1850 481 sacerdotio
1873 444 2039 484 functum
2063 457 2153 493 esse,

226 531 400 567 nusquam
426 518 644 564 reperimus.

367 599 498 646 Itaque
520 598 663 646 quando
686 596 826 633 obierit
847 595 1082 643 Plutarchus,
1104 610 1170 634 nos
1194 597 1300 645 sugit.
1350 599 1569 638 Verisimile
1595 607 1664 648 est,
1692 614 1773 640 eum
1802 603 1900 641 circa
1923 615 1955 643 a.
1983 604 2047 642 Ch.
2072 608 2154 645 120.

225 684 320 719 diem
343 693 551 729 supremum
581 679 722 723 obisse,
764 682 811 716 70
836 689 949 713 annos
974 684 1112 714 natum.
1165 679 1358 716 Corsiuius
1392 692 1436 716 ex
1468 682 1685 727 quibusdam
1712 683 1903 722 Plutarchi
1933 686 2156 732 scriptorum

225 762 318 797 locis
344 761 600 803 ratiocinatur,
628 771 709 793 eum
734 757 913 792 Hadriani
929 757 1098 795 Caesaris
1118 760 1270 794 XVIII.
1297 771 1443 805 annum,
1467 761 1502 796 h.
1527 773 1557 797 e.
1584 773 1615 797 a.
1645 761 1711 797 Ch.
1740 764 1821 799 134.
1845 765 2029 810 attigisse,
2051 767 2156 803 ideo-

226 856 295 887 que
319 854 452 876 annum
476 842 577 876 vitae
603 842 662 876 80.
689 850 889 883 superasse.
933 839 1068 873 Contra
1086 841 1223 874 Dacier
1243 840 1434 875 Plutarchi
1456 847 1610 876 mortem
1633 847 1716 876 aute
1738 842 1921 879 Hadriani
1946 847 2154 890 imperium,

226 924 260 960 h.
287 935 315 960 e.
342 927 423 958 ante
446 934 478 958 a.
506 920 571 957 Ch.
603 922 683 960 117.
710 919 878 955 evenisse
901 918 1062 964 putavit,
1088 920 1189 955 vitae
1214 926 1330 957 aetate
1355 923 1402 959 62
1426 921 1488 960 vel
1513 923 1561 960 65
1583 933 1773 959 annorum.

369 1001 552 1038 Omittere
589 999 679 1036 nolo
719 998 814 1046 quod
848 997 892 1033 de
930 997 1123 1035 Plutarchi
1161 1004 1278 1035 morte
1312 1000 1427 1036 refert
1460 1001 1719 1038 Artemidorus
1731 1002 1792 1047 ²¹).
1841 1001 1961 1040 Morti
1986 1004 2153 1045 vicinum

222 1093 307 1118 eum
331 1082 554 1127 somniasse,
590 1083 630 1116 in
662 1079 801 1115 coelum
834 1091 873 1113 se
899 1079 1117 1114 adscendere
1142 1080 1231 1115 duce
1257 1080 1470 1127 Mercurio,
1506 1087 1542 1117 et
1572 1083 1747 1129 proximo
1783 1083 1843 1118 die
1875 1085 2052 1130 quendam
2085 1085 2154 1121 hoc

222 1163 503 1208 interpretatum
540 1174 641 1206 esse,
678 1162 758 1197 fore
794 1174 875 1197 eum
914 1161 1122 1207 beatum,
1157 1163 1192 1198 h.
1227 1174 1258 1198 e.
1292 1162 1526 1200 moriturum.
1572 1164 1800 1199 Adscensum
1821 1166 1983 1200 enimin
2012 1166 2153 1201 coelum

214 1241 569 1280 excellentissimam
592 1241 857 1279 beatitudinem
881 1241 1102 1289 siguificare.
1139 1241 1257 1289 quue
1286 1242 1396 1278 etiam
1424 1242 1475 1279 ita
1490 1246 1669 1290 evenisse,
1687 1243 1878 1292 {pauloque
1902 1251 1984 1292 post
2004 1245 2151 1282 Plutar-

218 1322 326 1356 chum
347 1323 557 1358 decessisse.
579 1342 626 1348 —

1016 1619 1171 1678 Cap.
1204 1619 1346 1667 III.

723 1773 828 1820 De
856 1775 1241 1830 parentibus
1272 1774 1638 1822 Plutarchi.

349 1931 586 1996 otiandus
625 1962 680 1994 est
713 1956 935 1994 Plutarchus
970 1958 1110 1994 familia
1146 1958 1290 1996 illustri
1322 1964 1357 1995 et
1396 1959 1620 1997 eruditionis
1657 1958 1750 1995 fama
1780 1959 1941 2009 celebri,
1985 1974 2076 2010 quae
2109 1962 2149 1998 in

210 2055 363 2079 numero
384 2041 699 2077 nobilissimarum
725 2051 766 2073 ac
789 2040 1164 2084 praeclarissimamm
1192 2042 1424 2077 Chaeroneae
1449 2042 1613 2086 gentium
1639 2041 1850 2076 habebatur.
1899 2043 1956 2077 Ex
1983 2045 2033 2079 iis
2057 2056 2148 2089 quae

209 2130 345 2171 passim
378 2124 423 2159 de
463 2129 567 2168 patre
604 2119 720 2164 dixit,
762 2132 844 2156 eum
876 2120 1031 2158 minime
1064 2122 1289 2157 ineruditum
1323 2123 1600 2168 cognoscimus,
1625 2120 1688 2157 sed
1715 2120 1968 2169 philosophiae
1993 2137 2146 2170 gnarum

208 2204 345 2251 fuisse,
391 2202 431 2240 in
465 2198 659 2238 historicis
692 2202 727 2235 et
751 2200 870 2246 poetis
896 2197 1059 2248 legendis
1085 2199 1263 2238 admodun
1287 2199 1510 2241 volutatum.
1561 2199 1630 2237 Sin
1654 2204 1805 2239 naturae
1832 2213 1873 2239 ac
1896 2213 2041 2242 morum
2069 2203 2145 2248 ejus

338 2343 388 2387 21)
439 2342 637 2380 Artemid.
683 2341 927 2377 Oneirocrit.
973 2343 1042 2379 lib.
1078 2344 1149 2380 IV.
1188 2356 1271 2392 cap.
1307 2344 1366 2383 [17.
1416 2343 1488 2388 ‚,‘O
1521 2342 1767 2395 Πλούταρχος
1802 2346 1849 2387 εἰς
1883 2343 1954 2381 τὸν
1991 2341 2144 2393 οὐρανὸν

210 2408 416 2453 ἀναβαίνειν
447 2407 523 2441 ὑπὸ
546 2408 618 2441 τοῦ
654 2407 788 2455 Ἑρμοῦ
823 2404 995 2450 ἀγόμενος
1020 2406 1147 2452 ἐδόκει,
1174 2408 1235 2442 καὶ
1259 2409 1309 2454 τῇ
1332 2407 1483 2455 ἐπιούσῃ
1507 2407 1597 2457 ὄναρ
1625 2409 1839 2459 ἐπεκρίνατό
1863 2422 1922 2451 τις
1946 2409 2048 2453 αὐτῷ
2073 2408 2143 2444 τὸν

205 2470 348 2522 ὄνειρον
378 2472 440 2507 καὶ
472 2470 553 2519 ἔφη,
572 2469 754 2522 μακάριον
780 2467 942 2508 ἔσεσθαι
960 2470 1085 2516 αὐτὸν,
1107 2471 1172 2508 καὶ
1186 2473 1308 2507 τοῦτο
1327 2470 1418 2508 εἶναι
1442 2470 1490 2506 τὸ
1516 2474 1564 2515 εἰς
1587 2472 1657 2509 τὸν
1678 2473 1835 2525 οὐρανὸν
1858 2472 1976 2509 αὐτὸν
1995 2471 2142 2519 ἀναβαί-

206 2551 292 2582 νειν,
317 2536 386 2577 τὴν
407 2537 717 2587 ὑπερβάλλουσαν
735 2536 979 2583 εὐδαιμονίαν.
1001 2535 1134 2586 Ἔτυχε
1157 2538 1196 2575 δὲ
1214 2540 1350 2584 νοσῶν,
1373 2538 1434 2574 καὶ
1455 2537 1531 2574 ὑπὸ
1544 2541 1609 2582 τῆς
1629 2538 1742 2577 νόσου
1767 2542 1885 2581 κακῶς
1910 2537 2138 2586 διακείμενος,

206 2602 268 2638 καὶ
297 2601 364 2637 οὐκ
391 2603 438 2644 εἱς
463 2601 604 2652 μακρὰν
629 2601 834 2638 οἰπείθοηέ.α
858 2620 907 2629 -
