2436 3151
1187 51 1249 100 31

1047 479 1202 538 cap.
1234 478 1361 525 IX.

834 631 936 678 De
963 632 1198 679 liberis
1226 632 1587 681 Plutarcm.

403 786 688 852 Plutarchum
713 824 870 863 quatuor
893 819 1063 854 habuisse
1084 820 1208 866 filios,
1235 832 1324 866 quos
1357 824 1435 866 ipse
1465 821 1567 856 domi
1593 820 1761 855 educavit
1786 827 1892 866 atque
1918 820 2103 866 erudivit,
2140 834 2183 855 ex

256 897 375 944 ipsius
398 897 551 942 scriptis
575 902 715 933 constat
727 898 790 943 83).

400 981 563 1027 Quorum
580 980 758 1017 maximus
780 987 866 1017 natu
880 981 1093 1018 Autobulus
1118 982 1211 1029 suit,
1239 984 1301 1030 qui
1323 989 1472 1019 aetatem
1496 985 1566 1027 jam
1581 981 1733 1021 virilem
1755 988 1958 1030 assecutus,
1985 982 2183 1019 Plutarcho

255 1062 373 1105 vivo,
400 1061 592 1097 defunctus
615 1066 681 1098 est.
708 1061 746 1096 Is
774 1072 923 1098 uxorem
948 1062 987 1096 in
1009 1062 1282 1098 matrimonium
1308 1064 1482 1109 duxerat,
1517 1075 1598 1098 cum
1622 1062 1841 1097 Plutarchus
1867 1063 1985 1097 tradat
1997 1065 2070 1109 8⁴¹),
2095 1064 2182 1098 Sos-

254 1144 349 1179 sium
384 1141 621 1178 Senecionem
660 1141 801 1187 nuptiis
830 1141 902 1176 filii
931 1141 1117 1177 Autobuli
1157 1142 1381 1179 interfuisse.
1440 1142 1483 1178 In
1519 1142 1659 1188 nuptiis
1698 1141 1880 1177 Autobuli
1913 1141 2005 1188 filii,
2046 1144 2181 1188 inquit,

259 1224 383 1258 aderat
413 1235 485 1258 una
515 1222 554 1256 in
591 1221 797 1256 festivitate
831 1223 982 1259 Sossius
1022 1223 1197 1268 Senecio,
1237 1224 1441 1258 Chaeronea
1476 1223 1520 1257 ad
1551 1234 1617 1257 nos
1650 1222 1849 1267 profectus.
1912 1222 2003 1256 Cum
2038 1223 2183 1258 Sossius

260 1302 416 1342 Senecio
441 1300 694 1347 aChaeronea,
721 1300 784 1336 ubi
800 1300 1035 1337 Plutarchum
1061 1307 1137 1338 tum
1165 1302 1343 1348 temporis
1368 1315 1440 1339 non
1463 1303 1623 1350 invenit,
1649 1301 1691 1337 ad
1714 1301 1859 1348 nuptias
1876 1301 2185 1348 proficisceretur,

259 1387 354 1417 certe
378 1367 525 1427 nuptiae
551 1380 590 1414 in
616 1380 742 1417 vicina
765 1380 851 1414 urbe
869 1379 1067 1414 celebratae
1091 1386 1198 1424 sunt,
1222 1387 1257 1416 et
1278 1382 1489 1417 verisimile
1515 1388 1591 1423 est,
1616 1382 1800 1425 Tanagrae
1825 1381 2056 1416 Autobulum
2090 1382 2185 1416 lares

258 1462 394 1497 fixisse.
443 1441 563 1495 Initio
589 1463 687 1494 enim
715 1460 979 1495 consolationis
997 1461 1041 1494 ad
1063 1472 1216 1496 uxorem
1243 1462 1461 1496 Plutarchus
1487 1462 1593 1506 dicit,
1615 1473 1652 1495 se
1675 1462 1857 1505 Tanagrae
1881 1474 1924 1494 ex
1950 1468 2055 1505 nepte
2084 1462 2182 1496 filiae

254 1547 407 1577 mortem
445 1539 690 1585 comperisse,
733 1551 821 1585 quae
857 1540 968 1577 verba
1000 1539 1156 1576 fortasse
1189 1541 1232 1577 ad
1256 1540 1437 1576 Autobuli
1461 1540 1573 1576 filiam
1599 1540 1786 1574 referenda
1818 1540 1917 1586 sint,
1957 1553 2036 1576 curn
2070 1543 2183 1576 ceteri

252 1622 326 1658 filii
351 1621 466 1657 adhuc
490 1619 648 1655 caelibes
670 1624 805 1666 essent,
829 1631 944 1666 neque
968 1619 1081 1655 filiam
1107 1627 1254 1667 nuptam
1279 1620 1497 1656 Plutarchus
1522 1620 1681 1655 haberet.
1732 1619 1839 1654 Hunc
1858 1619 2004 1665 locum,
2040 1623 2103 1667 qui
2127 1623 2176 1656 ita

252 1716 290 1739 se
313 1703 441 1738 habet:
465 1700 564 1748 „e'yub
590 1702 619 1736 δ’
645 1703 693 1742 εἷς
705 1700 902 1749 Τάναγραν
925 1700 1046 1736 ἐλθὼν
1071 1700 1258 1747 ἐπιθόμην
1282 1701 1386 1750 παρὰ
1405 1704 1469 1742 τῆς
1494 1701 1754 1750 θι·γατριδῑ;ς.“
1778 1700 1907 1735 Reiske
1930 1702 2094 1736 correxit
2119 1714 2183 1747 pro

251 1782 356 1833 παρά
367 1782 676 1834 praepositionem
698 1782 783 1830 περί
806 1793 956 1827 ponens,
984 1782 1033 1817 ita
1047 1787 1088 1817 ut
1102 1782 1414 1829 interpretandum
1438 1783 1508 1817 sit:
1537 1781 1579 1816 de
1599 1780 1674 1815 filia
1689 1780 1925 1825 (Timoxena)
1940 1781 2082 1829 audivi,
2103 1794 2182 1817 cum

252 1861 457 1913 θυγατριδῆ
482 1862 580 1898 idem
606 1861 834 1907 significaret
859 1873 900 1895 ac
925 1859 1107 1911 θυγάτηρ.

392 1947 543 1983 Annum
572 1946 702 1980 aetatis
726 1945 786 1981 30.
813 1949 912 1979 certe
937 1956 1013 1980 non
1037 1946 1228 1990 superavit
1251 1944 1483 1986 Autobulus3
1506 1955 1524 1977 e
1548 1943 1628 1977 vita
1653 1943 1749 1977 enim
1775 1942 1978 1980 decesserat
1989 1944 2062 1989 85),
2100 1957 2177 1979 cum

249 2028 464 2073 Timoxena,
490 2024 681 2061 Plutarchi
695 2022 788 2068 filia,
812 2022 905 2059 duos
918 2034 1030 2058 annos
1047 2029 1129 2058 nata
1146 2024 1241 2059 diem
1260 2035 1464 2070 supremum
1477 2022 1610 2058 obiret.
1645 2024 1761 2067 Quam
1782 2022 1828 2057 ob
1848 2034 1924 2058 rem
1947 2025 2180 2060 vehementer

376 2188 428 2228 83)
479 2188 580 2224 Plut.
619 2186 765 2224 consol.
801 2185 851 2221 ad
887 2196 999 2221 uxor.
1038 2197 1121 2232 cap.
1161 2187 1195 2221 2.
1232 2183 1374 2229 ,,οῖσθα
1407 2181 1446 2218 δὲ
1476 2182 1539 2218 καὶ
1576 2181 1682 2226 αὐτὴ,
1717 2185 1910 2221 τοσούτων
1944 2197 2005 2230 μοι
2037 2186 2174 2222 τέκνων

251 2251 463 2302 ἀνατροφῆς
499 2252 746 2295 κοινωνοῦσα,
786 2247 938 2286 πάντων
975 2249 1271 2299 ἐκτεθραμμένων
1303 2248 1396 2283 οἴκοι
1424 2248 1478 2283 δι’
1507 2248 1631 2285 αὐτῶν
1654 2249 1760 2295 ἡμῶν.
1787 2249 1931 2291 Ταύτην
1956 2248 2003 2294 δὲ,
2029 2248 2090 2284 ὅτι
2112 2251 2175 2286 καί

254 2330 318 2352 σοι
338 2315 511 2362 ποθούσῃ
534 2314 703 2363 θυγάτηρ
729 2314 825 2360 μετὰ
848 2316 1035 2364 τέσσαρας
1059 2314 1157 2356 υἱοὺς
1184 2314 1360 2360 ἐγεννήθη,
1389 2313 1499 2350 etc-‘⁴

379 2388 429 2428 S4)
477 2385 517 2421 in
544 2386 703 2432 Quaest.
733 2398 846 2423 conv.
874 2387 943 2422 IV.
973 2387 1006 2422 3.
1032 2397 1115 2432 cap.
1147 2387 1178 2420 1.
1214 2384 1297 2427 ,,Ἐν
1320 2389 1402 2425 τοῖς
1425 2383 1668 2429 Αὐτοβούλου
1689 2384 1762 2417 τοῦ
1780 2383 1859 2416 υἱοῦ
1876 2380 2003 2429 γάμοις
2019 2382 2175 2432 συνεώρ-

249 2454 361 2497 ταςεν
383 2452 463 2498 ἡμῖν
483 2448 614 2498 παρὼν
638 2448 677 2483 ἐκ
703 2449 925 2499 Χαιρωνείας
949 2451 969 2485 ὁ
993 2448 1151 2490 Σόσσιος
1173 2447 1379 2483 Σενεκίωνέ(

382 2522 434 2565 85)
485 2521 534 2556 cf.
567 2519 669 2554 Plut.
708 2522 857 2557 consol.
893 2521 943 2555 ad
978 2532 1090 2556 uxor.
1127 2531 1209 2566 cap.
1249 2521 1283 2554 5.
1330 2518 1445 2561 ,,”Ηδη
1485 2516 1522 2551 δὲ
1557 2516 1617 2550 καὶ
1652 2513 1734 2562 περὶ
1764 2514 1816 2548 τὰ
1838 2514 2007 2549 τοιαῦτα
2030 2517 2173 2557 πολλὴν

251 2582 477 2622 εὐστάθειαν
501 2583 675 2628 ἐπεδείξω,
698 2581 746 2617 τὸ
772 2584 1038 2633 πρεσβύτατον
1064 2585 1140 2620 τῶν
1162 2583 1295 2619 τέκνων
1323 2581 1610 2628 ἀποβαλοῦσα.“
