2436 3151
1146 137 1212 188 23

214 281 323 317 otiam
345 292 365 316 a
390 279 489 320 vin'n
516 277 751 319 ,doctissimis
782 279 906 317 nostri
942 278 1119 327 temporis
1153 277 1326 313 maximis
1357 278 1471 315 elatus
1508 279 1560 315 sit
1592 279 1770 319 laudibus.
1820 282 2143 329 Elegantissimum

214 361 356 407 ingenii
378 370 553 403 W,
576 359 672 395 vitis
689 359 852 398 >duorum
867 362 1131 405 imperatorum
1160 357 1342 394 enarratis
1356 384 1367 404 ,
1392 360 1431 395 in
1456 360 1725 406 comparatione
1750 373 1875 398 eorum
1901 362 2086 406 ostendit,
2108 368 2143 398 et

213 451 302 477 vere
321 440 402 477 dici
417 444 565 485 potest,
589 440 687 476 nihil
710 441 956 487 praestantius
980 451 1056 476 esse
1080 440 1149 475 hoc
1170 449 1292 483 opere.
1315 459 1362 467 —-

1002 745 1158 804 Cap.
1196 745 1341 791 VII.

723 899 825 945 De
853 901 1232 946 mimcribus
1263 900 1625 946 Plutarchi.

356 1052 563 1121 ⁰ptimis
592 1072 783 1127 literarum
809 1073 943 1111 studiis
978 1074 1146 1111 excultus
1183 1081 1322 1112 mature
1355 1076 1399 1112 ad
1432 1075 1694 1122 rempublicam
1718 1074 1936 1112 Plutarchus
1973 1080 2142 1113 accessit.

213 1164 344 1201 Adhuc
368 1163 516 1208 juvenis
541 1159 687 1198 decreto
711 1156 861 1206 publico
896 1169 914 1193 a
943 1157 1258 1196 Chaeronensibus
1285 1159 1329 1195 ad
1354 1158 1615 1198 Proconsulem
1652 1158 1792 1207 legatus
1825 1164 1880 1196 est
1909 1160 2141 1199 constitutus.

211 1245 346 1281 Totam
367 1243 471 1279 illam
495 1242 735 1286 legationem,
764 1251 844 1274 cum
868 1238 1007 1284 collega
1031 1241 1066 1275 ei
1090 1240 1193 1274 datus
1220 1240 1259 1274 iu
1283 1240 1417 1274 itinere
1443 1240 1694 1286 substitisset,
1725 1240 1826 1276 solus
1852 1241 2019 1276 confecit.
2054 1241 2142 1275 Inde

211 1326 255 1361 ab
284 1326 351 1361 hoc
379 1331 539 1369 tempore
566 1334 679 1368 usque
703 1319 898 1363 aid-aetatis
920 1332 1055 1356 aunum
1083 1321 1140 1356 45.
1180 1321 1244 1356 vel
1272 1324 1331 1358 50.
1362 1322 1497 1356 itinera
1531 1322 1701 1366 quaedam
1732 1323 1821 1357 fecit
1850 1322 2068 1356 Plutarchus
2109 1329 2145 1356 et

211 1380 422 1443 diutissime
446 1402 580 1440 Romae
603 1405 844 1438 commoratus
867 1405 922 1443 est
948 1400 1140 1446 praecipue
1165 1401 1208 1436 ad
1238 1401 1519 1437 conscribendas
1542 1404 1643 1438 vitas
1675 1400 1880 1448 parallelas.
1931 1403 1991 1437 Ibi
2023 1402 2143 1448 philo-

210 1485 376 1531 sophicas
401 1494 543 1531 quoque
568 1482 743 1517 lectiones
766 1480 893 1515 habuit
918 1484 953 1514 et
976 1479 1133 1516 multum
1161 1480 1231 1516 otii
1258 1480 1307 1515 iis
1332 1480 1487 1526 tribuit,
1525 1482 1589 1526 qui
1629 1480 1884 1527 philosophiae
1921 1491 2025 1516 causa
2062 1492 2143 1517 eum

209 1564 488 1601 conveniebant.
539 1563 658 1597 Simul
684 1574 722 1596 se
747 1561 905 1605 negotiis
928 1560 1090 1605 puhlicis
1114 1572 1261 1604 operam
1297 1573 1449 1596 navasse
1475 1563 1609 1596 scribit
1633 1563 1669 1595 in
1696 1562 1879 1595 Demosth.
1906 1561 1977 1594 vit.
2005 1573 2080 1606 cap.
2106 1565 2140 1597 2,

208 1644 279 1680 Sed
302 1643 368 1681 illa
392 1642 536 1688 negotia
561 1640 797 1687 publicaeque
822 1642 1077 1685 occupationes
1103 1652 1192 1685 quae
1216 1640 1374 1685 fuerint,
1400 1654 1574 1687 nusquam
1598 1654 1765 1687 expresse
1792 1641 2008 1678 declaravit.

1224 1719 1251 1743 ,ι

348 1766 436 1802 Non
457 1766 576 1804 multo
600 1776 693 1801 vero
717 1769 799 1810 post
823 1769 1006 1798 mortuum
1030 1749 1278 1802 Domitianum
1305 1775 1432 1799 rursus
1449 1763 1675 1799 Chaeroneae
1700 1764 1823 1809 vixit,
1853 1765 2002 1809 publico
2017 1768 2142 1803 officio

205 1846 371 1890 fungens.
400 1846 507 1889 Quod
529 1857 659 1879 munus
677 1844 868 1878 inferioris
895 1845 1039 1888 generis
1052 1844 1166 1877 fuisse
1189 1845 1343 1878 videtur
1365 1856 1406 1877 ac
1428 1843 1568 1876 nullius
1590 1845 1774 1878 momenti.
1813 1845 1883 1880 Sed
1913 1847 2032 1879 eadem
2058 1858 2139 1880 cum

206 1936 292 1960 cura
315 1937 355 1960 ac
380 1924 574 1971 diligentia
598 1924 902 1969 administravit,
938 1937 979 1960 ac
1015 1925 1049 1960 si
1075 1925 1271 1960 maximum
1309 1929 1344 1958 et
1380 1923 1637 1968 gravissimum
1670 1923 1825 1966 fuisset,
1859 1926 1943 1970 quia
1977 1928 2138 1971 putavit,

205 2004 371 2052 quodque
406 2016 536 2040 munus
567 2003 791 2040 subeundum
828 2016 904 2039 esse
941 2004 1036 2040 bono
1074 2006 1176 2050 civi,
1213 2016 1410 2050 omnesque
1434 2004 1666 2048 magistratus
1689 2004 1729 2038 in
1753 2015 1893 2039 summo
1919 2006 2054 2041 honore
2080 2008 2137 2041 ha-

205 2084 343 2122 bendos
372 2095 471 2130 esse,
498 2088 599 2119 ratus
622 2094 770 2119 munera
798 2095 817 2119 a
841 2083 959 2129 patria
987 2083 1127 2119 tributa
1152 2083 1208 2119 nil
1233 2083 1456 2130 ignominiae
1488 2083 1628 2120 afferre.
1681 2082 1760 2128 Qua
1787 2082 1825 2118 in
1849 2095 1888 2118 re
1916 2084 2136 2131 Epaminon-

206 2165 288 2201 dam
314 2166 483 2201 imitatus
508 2170 585 2209 cst,
610 2165 673 2210 qui
696 2177 715 2199 a
739 2164 946 2209 Thebanis,
969 2165 1116 2200 invidia
1141 2166 1180 2199 in
1207 2176 1287 2199 eum
1313 2164 1432 2198 ductis
1464 2170 1502 2199 et
1527 2165 1770 2199 contumeliae
1803 2166 1985 2200 faciendae
2013 2178 2134 2211 causa,

205 2244 424 2279 Telearchus
440 2244 644 2281 declaratus
667 2256 738 2279 non
760 2244 1001 2289 detrectavit,
1026 2245 1136 2280 immo
1161 2256 1255 2280 vero
1270 2244 1388 2279 dixit:
1413 2243 1502 2280 Non
1530 2244 1635 2279 modo
1661 2246 1874 2291 magistratu
1898 2246 2045 2290 virum,
2074 2247 2135 2281 sed

207 2324 315 2360 etiam
342 2323 430 2359 viro
456 2325 731 2371 magistratum,
768 2323 888 2371 qualis
909 2323 984 2368 sit,
1018 2323 1273 2361 demonstrari.
1321 2323 1573 2359 Telearchiam
1597 2336 1710 2371 vere,
1744 2331 1835 2361 teste
1862 2325 2058 2360 Plutarcho
2071 2328 2135 2371 ⁶⁵),

207 2406 251 2441 ad
276 2417 439 2451 magnam
463 2404 677 2450 dignitatem
703 2417 744 2439 ac
768 2406 987 2446 maiestatem
1009 2405 1155 2447 evexit,
1174 2417 1254 2440 cum
1276 2410 1379 2439 antea
1398 2406 1553 2441 nonnisi
1576 2405 1707 2441 fuisset
1729 2412 1932 2441 stercorum
1959 2418 2002 2440 ex
2029 2407 2135 2452 angi-

205 2486 325 2531 portis
346 2483 608 2529 ejiciendorum
633 2495 674 2519 ac
697 2495 869 2531 aquarum
892 2484 1174 2522 derivandarum
1194 2485 1404 2531 procuratio
1429 2485 1612 2533 quaedam.

334 2667 384 2712 ⁶⁵)
435 2668 634 2715 Praecept.
660 2668 760 2713 reip.
785 2667 947 2716 gerend·
974 2679 1057 2715 cap.
1088 2669 1141 2704 15.
1170 2664 1204 2711 ξ.
1231 2668 1267 2703 2.
