2436 3151
1169 36 1230 87 16

365 180 535 215 Ceterum
560 176 757 214 maximam
792 176 1028 223 perlegendis
1050 177 1298 222 scriptoribus
1332 178 1474 221 gmecis
1504 188 1656 223 operam
1688 182 1870 224 navavit,
1906 184 1943 213 et
1980 179 2168 227 inprimi·

218 261 260 298 in
285 260 436 306 scriptis
460 257 629 295 Platonis
655 263 693 294 et
715 257 940 296 Aristotelis
966 258 1158 295 volutatus
1184 263 1271 295 erat.
1318 258 1447 305 Itaque
1480 259 1574 296 libri
1597 259 1642 295 ad
1668 259 1849 297 scientias
1880 260 2169 303 nudetis-ins

220 339 479 387 comparandas
497 338 695 375 Plutarcho
712 338 919 377 subsidium
936 337 1046 385 longe
1067 340 1263 375 maximum
1288 337 1452 376 fuerunt,
1491 338 1537 376 In
1560 346 2006 389 quoscunqueoratores,
2028 344 2167 389 politas,

217 422 437 465 historicos,
466 420 648 465 medicos,
678 420 943 467 philosophos,
969 420 1264 465 mathematicos,
1289 421 1517 468 geographos
1543 426 1579 457 et
1604 420 1700 456 alios
1721 425 1889 457 auctores
1913 423 2079 466 incidero
2102 433 2168 469 po·

216 504 310 549 tuit,
332 514 393 538 eos
420 502 638 538 incredibili
662 503 842 538 aviditate
869 501 1156 549 assiduitateque
1179 513 1316 537 summa
1340 501 1456 548 legit,
1481 502 1662 548 contulit,
1686 502 1888 549 judicavit,
1916 504 2113 550 excerpsit.

360 582 404 618 In
430 583 527 620 vitis
548 582 740 629 parallelis
764 582 856 619 solis
882 582 1058 618 ducentos
1084 582 1323 629 quadraginta
1347 583 1506 629 amplius
1530 583 1735 629 scriptores
1759 596 1840 620 eum
1865 584 2027 622 laudare.>
2042 585 2169 630 obser-

216 668 339 702 vatum
365 662 550 700 habemus.
600 662 672 698 His
698 662 810 709 adde,
833 662 897 710 qui
924 661 994 699 alii
1016 673 1092 699 nou
1110 662 1216 710 pauci
1240 661 1284 698 ab
1311 662 1433 698 eodem
1461 662 1501 698 in
1528 661 1673 699 Ethicis
1696 663 1780 700 sive
1804 664 2010 702 Moralibus
2035 665 2169 713 passim

216 746 475 781 nominantur:
503 745 683 789 conjunge
715 756 807 790 quos
838 755 883 778 ne
916 744 1128 781 nominavit
1154 744 1319 790 quidem:
1356 745 1474 785 adiice
1501 748 1685 788 postremo
1710 755 1801 789 quos
1827 745 1925 781 alios
1950 746 2103 782 adduxit
2128 748 2170 786 in

216 827 263 861 iis
287 826 482 872 operibus,
516 836 607 871 qnae
631 824 675 859 ab
700 835 742 860 eo
769 823 867 862 edita
891 824 975 871 plus
1005 836 1112 871 quam
1140 830 1285 861 centum
1311 824 1578 872 quinquaginta
1603 824 1710 860 nobis
1735 829 1810 860 tota
1837 826 2120 863 interciderunt.

360 905 578 941 Plutarchus
602 905 725 941 omnia
744 905 897 952 scripta,
921 917 1010 952 quae
1034 906 1077 942 ad
1101 905 1231 942 literas
1256 905 1496 949 illustrandas
1521 904 1586 941 vol
1613 906 1791 951 augendas
1814 906 1944 943 idonea
1967 913 2102 953 essent,
2129 908 2169 943 in

214 986 435 1035 perlegendo
459 998 601 1024 summa
626 998 708 1022 cum
733 998 820 1022 cura
847 992 883 1022 et
905 986 1088 1022 industria
1113 987 1297 1034 excerpsit
1318 992 1354 1023 et
1378 987 1416 1022 in
1444 986 1657 1023 adversaria
1685 986 1897 1035 tabulasque
1924 987 2065 1025 retulit.
2093 988 2168 1035 Ita·

214 1079 282 1113 que
308 1079 352 1101 ex
380 1078 452 1112 quo
476 1072 644 1112 tempore
675 1067 836 1102 animum
863 1067 907 1102 ad
932 1067 1171 1103 scribendum
1197 1067 1362 1114 appulit,
1396 1067 1429 1102 si
1456 1067 1554 1113 quod
1578 1078 1668 1113 opus
1700 1067 1738 1102 in
1768 1078 1990 1114 quacumque
2016 1070 2168 1120 materia

215 1148 322 1182 edere
348 1147 429 1182 sine
455 1158 555 1181 mora
578 1147 814 1192 incitaretur,
844 1147 887 1181 ad
912 1158 998 1182 suos
1023 1147 1111 1182 illos
1133 1150 1413 1183 commentarios
1431 1147 1525 1182 haud
1541 1146 1680 1182 frustra
1701 1147 1944 1195 confugiebat.
1970 1148 2169 1196 Perspicue

216 1230 292 1274 ipse
318 1228 488 1272 dicitu),
513 1239 552 1262 se
576 1239 621 1261 ex
647 1229 935 1273 commentariis,
966 1240 1056 1274 quos
1084 1229 1158 1263 sibi
1183 1229 1346 1273 fecisset,
1379 1229 1719 1265 commentationem
1744 1229 1788 1263 de
1811 1229 1926 1263 animi
1951 1229 2166 1275 tranquilli-

213 1313 289 1344 tate
316 1307 522 1355 collegisse.
579 1307 661 1343 Hoc
694 1308 800 1346 modo
831 1313 904 1345 tam
934 1307 1186 1344 admirabilem
1224 1308 1472 1353 cognitionem
1504 1314 1674 1346 veterum
1703 1311 1930 1355 scriptorum
1967 1322 2008 1345 ac
2029 1315 2166 1348 tantam

212 1389 450 1425 scientiarum
478 1389 618 1436 copiam
645 1388 683 1423 in
708 1388 878 1423 omnibus
903 1387 1011 1441 rebus
1034 1392 1220 1425 assecutus
1250 1394 1317 1427 est.

359 1471 446 1506 Non
473 1470 614 1505 minori
638 1469 723 1503 usui
751 1469 887 1502 itinera
913 1474 1016 1505 erant
1041 1469 1243 1503 Plutarcho
1280 1470 1323 1504 ad
1350 1470 1626 1516 cognoscendos
1649 1470 1838 1516 hominum
1864 1479 2007 1511 mores5
2046 1472 2082 1502 et
2106 1478 2164 1503 re-

215 1557 303 1596 stat,
327 1556 369 1587 ut
392 1551 436 1587 de
463 1550 664 1588 itineribus
687 1549 731 1586 ab
755 1560 796 1584 eo
820 1549 928 1584 sactis
954 1549 1083 1586 dicam.
1109 1570 1157 1575 ——

1067 1850 1221 1907 Cap.
1267 1849 1330 1895 V.

751 1970 855 2017 De
883 1971 1234 2017 itineribus
1265 1969 1633 2016 Plutarchi.

365 2126 630 2205 compluria
660 2157 795 2194 itinera
829 2157 919 2194 fecit
942 2158 1163 2195 Plutarchus
1191 2169 1261 2193 non
1288 2162 1361 2193 tam
1386 2155 1553 2192 discendi
1580 2154 1800 2201 visendique
1827 2166 1930 2191 causa
1956 2166 2062 2203 quam
2085 2154 2167 2191 offi-

221 2242 291 2277 ciis
317 2240 479 2287 publicis
502 2240 709 2276 functurus.
743 2240 877 2276 Adhuc
897 2241 1044 2281 iuvenis
1071 2253 1153 2276 cum
1182 2239 1323 2284 collega
1346 2239 1496 2274 decreto
1516 2236 1665 2283 publico
1686 2237 1729 2272 ad
1746 2236 2013 2274 Proconsnlem
2034 2239 2169 2272 missus

343 2398 394 2442 ⁴¹)
446 2398 549 2432 Plut.
586 2396 636 2432 de
668 2396 961 2442 tranquillitate
989 2396 1109 2432 animi
1136 2407 1220 2442 cap.
1249 2397 1280 2430 1.
1328 2392 1461 2437 ,,Μήτε
1489 2393 1526 2427 δὲ
1548 2391 1682 2443 χρόνον
1709 2391 1816 2441 ἔχων,
1855 2395 1903 2436 ὡς
1927 2390 2166 2443 προῃρούμην,

223 2461 399 2507 γενέσθαι
418 2461 512 2510 πρὸς
532 2460 587 2502 οἷς
612 2461 777 2506 ἐβούλου,
812 2459 905 2505 μήτε
927 2461 1116 2506 ὑπομένων
1141 2466 1260 2500 κεναῖς
1286 2458 1514 2494 παντάπασι
1536 2458 1607 2493 τὸν
1631 2457 1747 2505 ἄνδρα
1773 2461 1899 2508 χερσὶν
1921 2458 2085 2503 ὀφθῆναί
2106 2470 2167 2490 σοι

223 2526 310 2574 παρ’
336 2527 430 2571 ἡμῶν
450 2525 665 2572 ἀφιγμένον,
689 2523 912 2571 ἀνελεξάμην
939 2525 1024 2572 περὶ
1050 2524 1225 2571 εὐθυμίας
1250 2523 1289 2557 ἐκ
1311 2524 1389 2558 τῶν
1408 2520 1678 2569 ὑπομνημάτων
1703 2520 1751 2558 ὧν
1763 2523 1908 2568 ἐμαυτῷ
1929 2522 2166 2568 πεποιημένος

224 2590 467 2638 ἐτύγχανον.“
486 2611 533 2617 —-
