2436 3151
1182 56 1249 108 2ss

247 204 355 237 quam
386 192 581 227 maximum
618 204 783 235 amorem
821 195 1045 235 inliberos-
1073 197 1257 232 habuisset
1281 199 1402 244 iisque
1429 209 1497 235 ana*
1530 199 2071 249 insinnubm-Jpnasbuism,
2104 210 2188 238 cunr

249 283 421 308 mammae
431 270 665 308 collisionem
685 285 810 320 passae
835 276 1037 316 sectionem
1060 278 1297 315 sustinuisset
1313 280 1375 323 ⁷⁵).

391 351 585 397 Quomodo
610 352 832 393 Plutarchus
858 362 894 392 et
918 356 1124 396 Timoxena
1156 370 1225 395 una
1249 359 1539 405 consueverint,
1573 357 1751 406 colligere
1785 360 1878 398 lieet
1910 375 1958 402 ex
1984 362 2185 410 praecept-is

246 431 525 479 conjugalibus,
549 446 641 480 quae
666 436 744 483 ipsa
764 450 809 474 ex
832 438 1029 475 domestica
1055 438 1247 476 Plutarchi
1272 442 1416 477 ratione
1449 447 1532 477 orta
1567 441 1747 478 videntur
1768 449 1860 479 esse.
1904 443 2062 490 ‚Semper
2090 443 2186 479 enim

247 509 281 544 ei
304 515 474 556 perpetua
498 516 619 560 gratia
645 522 752 563 atque
778 521 941 556 amicitia
965 532 1044 556 cum
1071 534 1111 556 ea
1138 527 1237 566 erat,
1266 532 1382 567 neque
1402 521 1480 558 ulla
1504 521 1693 558 discordia
1715 532 1875 568 unquam
1901 524 2003 562 inter
2028 535 2089 560 eos
2107 529 2187 567 orta

247 593 312 626 est.
362 590 500 629 Eodem
527 597 634 632 modo
657 611 737 633 cum
774 601 994 646 propinquis
1030 607 1069 635 et
1098 602 1246 638 civibus
1279 613 1401 648 pacem
1433 601 1551 639 coluit
1574 602 1806 641 Plutarchus.
1857 602 1981 637 Uxore
2011 604 2109 638 enim
2147 605 2187 638 in

244 670 529 713 matrimonium
555 676 683 724 ducta,
708 678 754 715 ob
778 679 976 718 dissidium
998 682 1181 728 quoddam
1204 686 1241 719 et
1261 681 1404 727 rixam,
1438 693 1534 728 quae
1570 681 1784 728 parentibus
1815 683 1947 720 uxoris
1986 681 2186 729 inciderat,

245 759 325 783 cum
352 751 553 789 Timoxena
582 756 621 790 in
648 756 863 794 Heliconem
887 761 1078 806 profectus
1099 769 1155 799 est
1171 765 1234 810 ⁷⁶),
1260 762 1396 798 Amori
1420 760 1663 797 sacrificatum
1678 785 1690 807 ,
1720 760 1785 807 qui
1810 760 1974 797 rixarum
2014 760 2188 808 expulsor

245 832 473 869 credebatur.
526 837 634 873 Certe
661 839 906 887 Plutarchus,
927 856 1015 890 quae
1038 845 1188 889 voluit,
1213 848 1399 880 assecutus
1427 848 1504 886 est5
1529 842 1630 879 nihil
1648 842 1746 878 enim
1771 847 1960 888 tantopere
1976 842 2187 884 cordiani-

246 922 377 958 moque
399 915 433 949 ei
456 915 550 961 fuit,
574 918 650 954 nisi
676 922 910 959 concordiam
937 930 972 961 et
992 925 1194 961 amicitiam
1223 929 1385 963 mutuam
1422 934 1586 960 servare.
1636 923 1795 965 Maximi
1831 921 2187 968 momenti-putabat

244 990 531 1041 disceptationes
557 999 660 1035 iuter
680 1000 785 1039 cives
810 1003 1011 1051 dirimere,
1038 1017 1129 1055 quae
1153 1005 1300 1054 quidem
1324 1003 1508 1044 ali-initio
1530 1015 1666 1051 parvae
1682 1013 1824 1049 semper
1848 1002 1888 1040 5¹1
1911 1001 1991 1040 dies
2018 1008 2187 1040 crescunt

244 1077 281 1106 et
307 1075 348 1108 in
374 1077 578 1115 maximum
604 1086 807 1128 augentur,
842 1089 884 1120 ut
910 1085 1077 1122 scintilla
1101 1087 1169 1122 sub
1190 1086 1323 1123 favilla
1343 1085 1493 1125 occulta
1514 1089 1637 1131 postea
1660 1083 1873 1125 incendium
1902 1094 2069 1129 magnum
2098 1093 2186 1129 pro.-

245 1159 379 1200 vocat,
404 1169 476 1202 quo
502 1160 591 1194 urbs
620 1166 695 1195 tota
718 1162 894 1200 diruitur.

390 1237 614 1278 Plutarchus
636 1242 709 1278 fuit
730 1244 851 1280 bonus
874 1245 998 1291 filius,
1032 1247 1150 1282 bonus
1170 1253 1294 1292 pater,
1326 1247 1445 1281 bonus
1472 1246 1648 1291 maritus,
1680 1245 1801 1282 honus
1842 1245 2034 1288 dominus,
2067 1242 2185 1277 bonus

244 1314 370 1359 civis3
398 1324 440 1353 ut
457 1318 629 1357 breviter
648 1322 786 1368 dicam,
813 1328 933 1361 omnia
949 1326 1070 1362 officia
1095 1326 1234 1374 optime
1260 1325 1416 1371 perfecit
1439 1325 1530 1360 etad
1554 1324 1676 1371 leges,
1704 1327 1888 1371 quasipse
1913 1323 2052 1364 aliisin
2075 1321 2185 1360 libris

244 1396 512 1443 philosophicis
537 1402 799 1447 praescripsit,
832 1403 932 1438 vixit
959 1405 1202 1450 integerrime
1227 1411 1335 1451 atque
1368 1403 1612 1440 sanctissime.
1662 1402 1838 1441 Vidimus
1867 1408 2001 1449 quanta
2034 1401 2187 1436 caritate

245 1482 403 1522 patrem,
427 1490 582 1517 uxorem
607 1486 645 1516 et
667 1481 809 1518 liberos
833 1485 1035 1527 amaverit3
1057 1486 1121 1521 sed
1145 1497 1219 1521 non
1243 1484 1362 1521 solum
1385 1485 1430 1520 ad
1453 1484 1681 1530 propinquos
1697 1489 1742 1521 *et
1765 1483 1893 1519 affines
1919 1482 2007 1517 haec
2036 1480 2188 1515 comitas

247 1558 453 1603 pertinuit,
478 1559 541 1594 sed
564 1562 676 1595 etiam
697 1561 741 1596 ad
766 1573 909 1597 servos.
959 1564 1136 1610 Equidem
1151 1590 1162 1609 ,
1184 1565 1308 1611 inquit
1323 1566 1385 1608 77),
1410 1562 1611 1599 illiberalis
1635 1574 1714 1598 esse
1738 1562 1899 1597 hominis
1922 1566 2030 1607 puto,
2060 1569 2189 1594 servos

249 1642 291 1673 ut
313 1638 473 1681 jumenta
495 1641 665 1676 oneraria
691 1642 883 1689 adhihere,
911 1649 948 1679 et
963 1644 1136 1680 Catonem
1152 1645 1329 1687 Maiorem
1351 1645 1540 1689 vituperat
1565 1648 1600 1678 et
1623 1642 1835 1679 adnumerat
1848 1641 2058 1678 hominihus
2078 1639 2190 1675 nimis

247 1719 428 1765 austeris,
458 1731 525 1756 nec
544 1720 662 1757 ullum
687 1727 791 1759 extra
814 1729 1003 1770 quaestum
1037 1724 1179 1761 homini
1213 1736 1294 1762 cum
1330 1724 1476 1761 homine
1512 1736 1589 1761 ease
1621 1722 1848 1760 consortium
1880 1719 2189 1763 existimantibus,

248 1802 345 1847 qnod
369 1804 493 1841 servis
516 1809 695 1850 tamquam
718 1806 893 1847 jumentis
916 1805 1071 1842 abutens
1085 1831 1097 1851 ,
1123 1818 1185 1842 eos
1207 1807 1312 1842 senio
1338 1806 1526 1842 confectos
1551 1811 1588 1841 et
1611 1804 1787 1843 nullirei
1810 1803 1886 1839 sihi
1906 1801 2067 1848 amplius,
2077 1800 2190 1837 utiles

249 1881 428 1919 venderet
452 1890 489 1919 et
514 1885 726 1931 expelleret.
776 1885 941 1927 Subiicit
963 1891 1083 1922 antem
1116 1886 1231 1922 latius
1261 1892 1385 1933 patere
1417 1886 1820 1932 benignitatemnjuam
1854 1883 2047 1926 iustitiam.
2093 1881 2191 1927 Lege

251 1966 288 1995 et
310 1963 456 2003 iustitia
478 1970 618 2001 tantum
643 1966 684 2000 in
711 1965 876 2001 homines
901 1978 968 2001 nos
992 1967 1048 2002 uti
1074 1978 1200 2012 posse3
1225 1967 1494 2014 benignitatem
1518 1972 1637 2003 autem
1665 1977 1707 2001 ac
1731 1963 2029 2001 benevolentiam
2055 1963 2094 1999 in
2108 1962 2191 2000 ani-

250 2041 361 2076 malia
384 2055 526 2090 quoque
551 2048 790 2082 adhibendam
815 2060 891 2082 esse
906 2074 917 2092 ‚
952 2053 989 2082 et
1021 2048 1184 2083 hominis
1209 2054 1338 2083 natura
1365 2049 1469 2083 mitis
1493 2059 1596 2091 esse,
1634 2046 1698 2082 vel
1737 2045 1842 2091 equis
1868 2044 1992 2080 labore
2015 2044 2191 2080 consectis

251 2121 426 2160 alimenta
451 2137 525 2162 non
540 2127 740 2163 subducere
753 2153 764 2171 ,
789 2131 826 2161 et
838 2138 964 2162 canum
989 2132 1062 2163 tam
1089 2127 1309 2164 incunabula
1327 2139 1434 2175 quam
1454 2128 1613 2164 inertem
1640 2130 1864 2164 senectutem
1878 2124 2017 2163 fovere.
2037 2123 2191 2163 Deinde

250 2207 473 2245 Plutarchus
495 2218 595 2242 suam
621 2207 780 2243 indolem
804 2219 846 2242 ac
869 2207 1127 2244 humanitatem
1150 2212 1265 2254 magis
1289 2210 1483 2245 ostendens
1506 2208 1632 2244 addit:
1657 2207 1786 2254 Neque
1814 2208 1909 2242 enim
1930 2205 2190 2249 animantibus,

254 2295 295 2325 ut
321 2289 455 2325 calceis
477 2293 541 2323 aut
565 2287 788 2323 utensilibus
814 2287 872 2323 uti
893 2298 960 2322 nos
984 2294 1156 2337 oportet,
1189 2302 1279 2336 quae
1303 2290 1396 2325 fessa
1421 2289 1626 2336 detritaque
1646 2289 1778 2325 usibus
1805 2287 2023 2330 abjicimus:
2059 2285 2121 2321 sed
2156 2284 2191 2319 si

389 2424 440 2469 ⁷⁵)
490 2437 529 2460 v.
560 2423 666 2459 Plut.
693 2422 846 2458 consol.
871 2423 920 2459 ad
934 2436 1045 2459 uxor.
1071 2437 1155 2472 cap.
1182 2427 1215 2461 5.
1241 2424 1404 2467 ,.Και’τοι
1415 2425 1471 2469 τῷ
1494 2426 1651 2465 σεαυτῆς
1671 2423 1803 2458 ἐκεῖνον
1827 2424 1960 2469 μαστῷ
1982 2420 2187 2468 ἐξέθρεψας,

258 2488 321 2522 καὶ
346 2491 458 2533 τομῆς
483 2488 640 2534 ἠνέσχου
664 2489 730 2528 τῆς
757 2487 872 2528 θηλῆς
895 2488 1118 2535 περίθλασιν
1142 2490 1335 2532 λαβούσης.
1384 2490 1540 2525 Γενιάῒα
1565 2486 1636 2539 γὰρ
1661 2489 1793 2523 ταῦτα
1825 2488 1886 2522 καὶ
1913 2484 2188 2534 φιλόστοργα.“

383 2555 434 2596 ⁷⁶)
481 2566 519 2588 v.
543 2553 646 2588 Plut.
675 2553 764 2587 Lib.
793 2553 972 2587 Amator.
995 2564 1074 2598 cap.
1101 2558 1134 2590 2.

384 2619 434 2662 ⁷⁷)
485 2618 586 2654 Plut.
610 2617 649 2652 in
679 2619 749 2655 vit.
777 2618 864 2655 Cat.
890 2617 985 2663 Maj.
1014 2630 1094 2666 cap.
1123 2621 1154 2657 5.
