2436 3151
1165 58 1230 110 24

366 198 528 237 Eundem
542 198 617 235 fere
641 199 896 246 magistratum
911 201 1150 237 Plutarchum
1171 199 1468 247 administrasse,
1496 198 1578 247 ipse
1602 199 1696 236 dicit
1707 201 1781 246 θὴς
1807 200 2004 248 Equidem,
2024 201 2162 248 inquit,

222 280 396 316 nimirum
420 290 571 325 peregre
598 279 980 317 liucadvenientibus
1008 283 1124 317 risum
1154 291 1308 323 moveo,
1333 290 1415 314 cum
1441 277 1534 314 talia
1555 277 1690 314 videor
1712 279 1928 328 frequenter
1950 280 1989 316 in
2013 280 2163 326 publico

223 364 394 394 tractare.
445 359 705 396 Incusantihus
728 372 848 406 vero,
888 361 983 407 quod
1018 361 1245 398 dimensioni
1277 364 1455 394 testarum
1492 359 1596 394 'adsto
1628 364 1736 404 etque
1769 370 1899 396 arenae
1934 366 1970 396 et
2002 359 2162 406 lapidum

220 445 416 485 vecturae,
445 441 666 486 respondeo,
689 453 764 478 non
790 442 881 477 mihi
897 453 973 487 me,
998 442 1061 478 sed
1094 442 1232 489 patriae
1252 440 1322 475 ista
1346 440 1616 476 administrare.
1656 439 1706 475 Ut
1731 439 1828 475 enim
1849 441 2022 477 sordidus
2037 441 2162 477 haberi

222 526 364 565 potest,
394 521 457 565 qui
481 521 594 556 multa
622 522 660 556 id
682 533 796 567 genus
824 522 898 556 sibi
925 522 997 567 ipsi
1018 528 1152 556 tractat
1178 532 1310 566 suaque
1327 532 1433 554 causa
1459 520 1716 555 administrat:
1742 520 1792 553 ita
1817 532 1898 554 cum
1921 520 2068 567 publice
2093 523 2164 557 ista

223 607 258 634 et
284 601 472 635 commodo
501 603 671 636 civitatis
698 608 924 646 tractantur,
957 615 1183 648 nequaquam
1214 601 1411 635 illiberalis
1437 608 1516 644 est,
1551 601 1614 635 sed
1649 612 1776 645 magna
1812 601 1922 634 etiam
1954 603 1997 636 ad
2035 604 2164 648 exigua

221 679 305 715 haec
329 692 367 715 se
390 679 621 717 demittentis
644 683 857 728 procuratio
885 688 921 718 et
945 681 1062 717 officii
1089 681 1351 729 promptitudo.

365 761 446 796 Hoc
468 774 597 796 munus
612 762 848 799 Plutarchum
876 763 944 798 sub
963 762 1091 798 Nerva
1119 768 1155 797 et
1167 761 1318 803 Traiani
1348 760 1584 806 imperatoris
1606 760 1712 795 annis
1736 759 1868 805 primis
1889 760 2164 798 administrasse

221 852 267 875 cx
290 841 416 875 eodem
438 842 536 878 libro
551 846 600 886 ⁶⁷)
624 849 796 889 apparet,
825 844 890 878 ubi
917 844 959 878 de
986 842 1269 878 difficultatibus
1301 841 1519 887 quibusdam
1542 840 1657 886 dicit,
1691 841 1729 875 in
1762 852 1851 886 quas
1878 840 2015 877 Rhodii
2049 855 2165 889 nuper

219 920 286 955 sub
314 921 527 956 Domitiano
553 923 784 959 incidissent.
835 923 1055 958 Verisimile
1087 935 1173 968 ergo
1198 929 1252 957 est:
1281 924 1379 957 circa
1409 934 1543 956 annum
1570 922 1634 958 Ch.
1667 924 1746 959 100.
1771 921 1867 956 hunc
1904 921 2043 958 librum
2070 926 2164 960 scri-

218 1001 337 1044 psisse
363 1000 631 1046 Plutarchum,
659 1008 694 1037 et
722 1010 801 1040 tum
828 1003 1008 1049 temporis
1032 1003 1118 1038 huic
1144 1003 1268 1038 officio
1292 1001 1505 1049 praefuisse.

365 1084 498 1121 Postea
533 1087 762 1123 Chaeroneae
787 1088 939 1123 Archon
965 1087 1047 1122 sive
1075 1086 1232 1122 Praetor
1257 1087 1343 1130 suit,
1378 1086 1405 1123 i.
1438 1098 1468 1124 e.
1504 1086 1754 1132 magistratum
1778 1088 2011 1134 praecipuum
2037 1086 2164 1134 gessit,

219 1167 262 1198 ut
287 1165 367 1210 ipse
394 1165 487 1201 dicit
503 1169 567 1211 ⁶8),
604 1180 676 1214 quo
706 1174 867 1214 tempore
894 1169 1106 1217 Eponymus
1127 1169 1182 1203 fui
1207 1169 1245 1203 in
1273 1167 1468 1202 sacrificiis
1494 1167 1687 1213 pleraeque
1713 1179 1845 1204 coenae
1874 1171 1927 1205 ita
1950 1153 2163 1216 agebantur,

224 1249 262 1278 ut
289 1256 352 1279 sua
377 1247 501 1281 cuivis
527 1248 653 1292 portio
681 1249 922 1285 tribueretur.
972 1249 1019 1284 Et
1043 1248 1117 1283 alio
1143 1248 1224 1283 loco
1238 1251 1310 1293 ⁶⁹):
1349 1247 1545 1292 Equidem,
1585 1258 1665 1282 cum
1693 1247 1843 1283 Archon
1872 1261 2009 1295 essem,
2050 1251 2166 1286 sacri-

221 1324 345 1360 ficium
372 1327 550 1372 quoddam
577 1342 595 1364 a
622 1330 826 1371 majoribus
852 1331 990 1365 nostris
1024 1330 1066 1364 ad
1095 1341 1159 1364 nos
1187 1333 1441 1374 propagatum,
1476 1327 1619 1363 Bulimi
1651 1327 1900 1373 expulsionem
1925 1332 2165 1377 nominatam,

222 1404 261 1439 in
287 1405 438 1450 publico
474 1409 611 1454 peregi.
662 1408 850 1444 Nonnulla
890 1409 1081 1446 archontis
1110 1408 1231 1444 officia
1265 1408 1303 1442 in
1331 1407 1476 1452 Quaest.
1503 1406 1605 1444 Rom.
1621 1407 1670 1453 ⁷⁰)
1693 1407 1807 1457 *nobis
1842 1416 2065 1455 occurrunt,
2102 1411 2168 1446 ubi

222 1483 463 1523 Plutarchus:
491 1487 570 1523 Hoc
595 1499 681 1523 sane
697 1489 818 1534 modo,
846 1489 984 1535 inquit,
1009 1489 1102 1536 apud
1121 1500 1187 1524 nos
1204 1492 1419 1525 coronatum
1432 1498 1524 1533 esse,
1550 1498 1692 1524 comam
1709 1486 1820 1534 alere,
1851 1489 1952 1526 ferro
1967 1494 2167 1537 armatum,

357 1616 407 1660 65)
460 1615 608 1651 ibidem
643 1613 676 1660 ἓ.
717 1616 751 1652 3.
802 1614 940 1662 „Ko'eph
963 1615 991 1650 δ’
1019 1614 1144 1661 ἀμέλει
1167 1614 1317 1664 παρέχω
1341 1615 1487 1661 γέλωτα
1511 1620 1592 1656 τοῖς
1616 1615 1954 1663 παρεπιδημοῦσιν,
1991 1616 2167 1667 ὁρώμενος

225 1678 263 1712 ἐν
299 1679 458 1724 δημοσίῳ
491 1679 573 1727 περὶ
609 1679 662 1713 τὰ
699 1682 865 1714 τοιαῦτα
888 1678 1083 1720 πολλάκις·
1122 1679 1223 1713 ἀλλὰ
1251 1680 1376 1725 βοηθεῖ
1406 1691 1467 1724 μοι
1492 1678 1539 1712 τὸ
1565 1680 1638 1712 τοῦ
1663 1679 1928 1722 Ἀντισθένους
1953 1680 2168 1728 μνημονευό·

225 1756 342 1788 μενον.
398 1741 675 1789 Θαυμάσαντος
710 1743 781 1792 γάρ
814 1757 928 1786 τινος,
972 1746 1002 1779 εἰ
1037 1745 1080 1778 δι’
1119 1743 1257 1793 ἀγορᾶς
1292 1743 1406 1784 αὐτὸς
1442 1744 1543 1792 φέρει
1576 1743 1743 1792 τάριχον.
1775 1744 1946 1790 Ἐμαυτῷ
1970 1759 2024 1792 γε,
2058 1745 2168 1781 εἶπεν·

226 1806 297 1853 ἐγὼ
322 1806 544 1845 δ’ἀνάπαλιν
569 1809 661 1859 πρὸς
688 1809 777 1853 τοὺς
802 1810 1069 1858 ἐγκαλοῦντας,
1096 1811 1127 1844 εἰ
1151 1809 1292 1859 κεράμῳ
1320 1808 1540 1857 παρέστηκα
1564 1808 1864 1857 διαμετρουμένῳ,
1891 1810 1953 1845 καὶ
1974 1808 2171 1860 φυράμασι

227 1874 291 1907 καὶ
322 1873 444 1915 λίθοις
477 1876 839 1923 παρακομιζομένοις,
879 1876 958 1911 Οὐκ
991 1874 1136 1920 ἐμαυτῷ
1168 1887 1227 1919 γε,
1268 1875 1377 1920 φημὶ,
1413 1874 1523 1907 ταῦτ’
1550 1875 1768 1918 οἰκονομεῖν,
1808 1874 1908 1908 ἀλλὰ
1929 1877 1979 1921 τῇ
2004 1876 2169 1924 πατρίδι.

229 1938 288 1979 Εἰς
309 1935 381 1985 γὰρ
406 1935 505 1973 ἄλλα
523 1937 651 1973 πολλὰ
677 1938 799 1989 μικρὸς
823 1937 869 1976 ἄν
894 1951 953 1981 τις
976 1937 1025 1980 εἴη
1052 1937 1113 1973 καὶ
1136 1937 1313 1989 γλίσχρος
1336 1938 1438 1984 αὑτῷ
1460 1938 1613 1981 διοικῶν,
1635 1937 1697 1973 καὶ
1722 1938 1757 1973 δί
1780 1937 1898 1976 αὑτὸν
1914 1938 2171 1989 πραγματευό.

229 2013 354 2049 μενος·
383 2005 414 2038 εἰ
435 2003 473 2037 δὲ
498 2004 656 2050 δημοσίᾳ
676 2006 737 2038 καὶ
760 2004 821 2039 διὰ
844 2004 912 2044 τὴν
937 2003 1061 2046 πόλιν,
1093 2004 1159 2037 οὐκ
1183 2002 1344 2048 ἀγεννὴς,
1379 2002 1480 2036 ἀλλὰ
1506 2005 1624 2048 μεῖζον
1645 2002 1694 2036 τὸ
1720 2002 1825 2051 μὲχρι
1848 2006 1982 2054 μικρῶν
2006 2002 2173 2049 ἐπιμελὲς

232 2068 294 2103 καὶ
317 2066 553 2118 πρόθτμονέ(
579 2089 624 2095 -

362 2133 413 2176 ⁶⁷)
468 2134 603 2167 Praec.
630 2135 729 2179 reip.
756 2144 839 2180 ger.
868 2145 951 2179 cap.
979 2135 1035 2170 19.
1061 2130 1096 2176 ξ.
1124 2135 1158 2170 9.

361 2195 411 2241 ⁶8)
463 2198 505 2233 in
525 2197 686 2245 Quaest.
704 2208 815 2234 conv.
832 2195 881 2231 11.
904 2198 958 2232 10.
983 2208 1066 2246 cap.
1093 2199 1124 2232 1.
1139 2193 1173 2242 §.
1191 2198 1221 2233 ¹l.
1255 2193 1366 2239 ‚J'Ove
1386 2193 1454 2236 τὴν
1473 2192 1664 2241 ἐπώνυμον
1685 2193 1801 2245 ἀρχὴν
1821 2194 1931 2246 ἦρχον
1949 2195 2045 2231 οἴκοι
2066 2192 2173 2233 etc.“

358 2261 410 2303 ⁶⁹)
463 2263 505 2296 in
534 2263 694 2310 Quaest.
719 2273 834 2297 conv.
860 2262 929 2298 VI·
956 2262 988 2297 8.
1014 2273 1097 2309 cap.
1127 2264 1158 2296 1.
1179 2259 1213 2307 ἕ.
1239 2263 1274 2297 2.
1300 2259 1530 2310 ,,”Λρχοντος
1557 2258 1621 2295 οὖν
1645 2260 1745 2307 ἐμοῦ,
1769 2260 1933 2304 πλείονες
1959 2261 2176 2299 ἐκοινώνουν

240 2328 302 2367 τῆς
325 2325 503 2367 ὃνσίας.“

366 2392 416 2437 70)
467 2403 551 2437 cap.
582 2391 641 2427 ltO.
689 2388 759 2423 Διὸ
784 2389 846 2424 καὶ
866 2389 953 2437 παρ’
980 2391 1058 2435 ἡμῖν
1078 2388 1126 2424 τὸ
1152 2388 1215 2436 μὲν
1242 2394 1538 2438 στεφανηφορεῖν
1570 2390 1633 2424 καὶ
1656 2392 1774 2437 κομᾷν
1798 2391 1860 2426 καὶ
1880 2390 1955 2438 [μὴ]
1980 2391 2175 2438 σιδηροφο-

240 2460 324 2503 ρεῖν,
348 2455 430 2501 μηδὲ
451 2461 532 2497 τοῖς
557 2455 711 2491 Φωκέων
732 2453 832 2504 ὅροις
857 2455 1044 2501 ἐμβαίνειν,
1071 2455 1144 2490 ἴδια
1165 2453 1462 2500 λειτουργήματα
1485 2457 1555 2489 τοῦ
1581 2454 1765 2503 ἄρχοντός
1791 2456 1894 2491 ἐστι·
1919 2455 1968 2490 τὸ
1995 2455 2023 2489 δ’
2028 2454 2177 2503 ὀπώρας

241 2520 286 2566 μὴ
315 2520 488 2566 γεύεσθαι
519 2520 595 2568 πρὸ
631 2521 816 2569 ἰσημερίας
842 2521 1100 2568 μετοπωρινῆς,
1133 2521 1207 2566 μηδ’
1244 2519 1411 2566 ἄμπελον
1433 2522 1573 2566 τέμνειν
1597 2519 1671 2567 πρὸ
1696 2521 1879 2570 ἰσημερίας
1916 2520 2063 2568 ἐαρινῆς,
2088 2520 2178 2566 ὁμοῦ

241 2599 285 2621 τε
310 2587 411 2621 πᾶσι
434 2585 612 2627 δηλοῦται
639 2584 700 2620 διὰ
726 2588 796 2621 τοῦ
823 2584 1007 2635 ἄρχοντος
1022 2593 1030 2602 ·
1057 2584 1229 2635 ἑκατέρου
1255 2583 1326 2634 γὰρ
1349 2586 1370 2619 ὁ
1394 2584 1516 2633 καιρὸς
1538 2583 1668 2627 ἐκεῖνός
1693 2585 1818 2620 ἐστι.“
1844 2601 1893 2611 -·-
