2436 3151
1168 72 1202 121 8

353 193 623 275 *onis
652 211 727 247 iter
746 212 788 247 in
812 211 1003 248 Graeciam
1028 211 1163 246 factum
1177 211 1224 255 ¹⁹)
1246 209 1383 245 incidit
1405 211 1447 246 in
1463 210 1976 258 -imperii-nunumxm.,1..
1995 211 2154 256 Fonteio

211 295 401 340 Capitone,
438 294 481 330 C.
513 294 622 330 Julio
646 295 745 330 Ruso
771 295 864 338 Css.,
887 293 951 328 vel
982 295 1022 328 in
1047 307 1078 330 a.
1103 296 1160 330 67.
1183 304 1217 337 p.
1239 292 1307 327 Ch.
1354 292 1453 329 Tum
1488 292 1669 337 temporis
1701 292 1940 328 Plutarchum
1961 292 2154 329 minimum

211 377 254 412 16
279 386 394 411 annos
419 380 543 410 natum
568 373 698 420 fuisse,
725 387 768 411 ex
790 375 872 421 ipso
895 373 1085 420 colloquio
1112 374 1154 410 de
1179 373 1224 408 Ei
1248 375 1289 410 in
1311 373 1503 409 Ammonii
1528 372 1649 408 schola
1674 372 1804 408 habito
1831 379 2002 430 apparet,
2019 376 2153 419 quippe

207 455 272 502 qui
307 454 555 491 Ammonium
591 454 636 489 de
668 454 769 490 hisce
803 454 911 489 rebus
948 453 1102 490 minime
1144 452 1318 490 contritis
1349 464 1418 490 nec
1451 452 1560 501 plene
1591 462 1705 501 puero
1735 452 2044 490 convenientibus
2077 454 2153 491 uti-

206 536 297 571 liter
324 539 393 578 jam
423 536 583 580 audiret,
606 536 815 571 adolescens
839 547 932 570 vero
957 536 1085 570 minor
1110 541 1196 570 natu
1218 547 1278 569 res
1307 534 1496 581 difficiles,
1522 546 1613 581 quas
1631 535 1808 569 tractabat
1820 535 2038 570 Ammonius
2055 540 2154 571 certe

206 628 332 662 capere
356 629 434 653 non
460 622 596 663 posset.
648 617 918 652 Mathematicis
952 616 1188 652 Plutarchum
1225 619 1301 649 tum
1341 615 1486 650 ardenti
1509 615 1636 651 studio
1662 627 1808 661 operam
1831 626 1984 651 navasse
2008 616 2049 651 in
2076 628 2151 663 cap.

205 696 295 733 VII,
324 702 490 732 extremo
516 697 773 742 conspicimus,
800 697 893 731 etin
920 698 1149 743 expositione
1174 697 1218 730 de
1234 696 1281 731 Ei
1294 695 1381 730 inde
1398 707 1417 730 a
1451 707 1528 740 cap.
1561 695 1674 732 VIII.
1702 707 1816 742 usque
1844 689 1887 731 ad
1918 707 1994 744 cap.
2020 697 2150 736 XVII.

204 777 349 825 prolata
378 783 518 815 tantam
539 778 878 813 mathematicorum
923 783 960 813 et
1003 780 1154 814 omnino
1189 776 1442 822 philosophiae
1470 776 1723 821 cognitionem
1754 779 1897 823 prodit,
1935 784 2104 825 quantam
2133 790 2153 813 a

207 858 355 903 iuvene,
388 861 575 896 minore
606 861 650 896 16
676 870 916 904 annorum,
943 864 1132 905 expectare
1158 870 1230 892 non
1257 868 1460 903 possumus.

349 939 469 974 Nobis
492 952 581 985 ergo
600 940 688 974 haec
707 939 1026 974 considerantibus
1045 938 1274 984 perspicuum
1294 942 1359 981 est,
1377 936 1614 971 Plutarchum
1629 942 1711 982 post
1724 949 1856 972 annum
1872 938 1937 974 Ch.
1953 941 2011 976 50.
2028 946 2150 976 natum

205 1030 282 1053 esse
322 1031 394 1054 non
428 1031 548 1065 posse.
600 1021 642 1055 si
675 1025 791 1054 autem
814 1020 999 1064 ponimus,
1027 1031 1107 1054 eum
1137 1024 1213 1053 tum
1237 1028 1351 1052 annos
1380 1020 1426 1053 16
1450 1018 1518 1058 jam
1547 1017 1760 1063 perfecisse,
1786 1030 1919 1055 annum
1943 1021 2001 1057 20.
2032 1026 2151 1056 autem

203 1099 365 1134 nondum
390 1111 594 1146 superasse,
624 1112 703 1136 cum
730 1099 855 1135 literis
880 1112 1028 1145 operam
1052 1100 1168 1144 daret,
1197 1099 1240 1134 ad
1265 1110 1397 1133 annum
1424 1098 1489 1132 Ch.
1505 1100 1562 1135 50.
1590 1100 1830 1145 recurrimus,
1855 1113 1927 1146 quo
1954 1107 2061 1136 natus
2085 1104 2150 1146 sit,

205 1191 223 1213 a
252 1179 325 1215 IX.
354 1180 502 1217 Claudii
538 1180 793 1226 imperatoris,
821 1179 877 1214 vel
911 1179 971 1216 01.
996 1183 1078 1217 207.
1112 1191 1143 1216 a.
1169 1181 1218 1224 2.,
1253 1191 1357 1225 quem
1384 1178 1528 1225 quidem
1553 1179 1646 1225 apud
1670 1179 1864 1227 plerosque
1888 1181 1999 1218 viros
2025 1182 2151 1218 doctos

205 1261 365 1297 invenio.
394 1284 441 1290 —-

350 1343 525 1377 Meminit
548 1342 770 1377 Plutarchus
793 1341 955 1376 Neronis
973 1346 1153 1386 tamquam
1177 1352 1240 1375 sua
1267 1345 1381 1376 aetate
1400 1341 1559 1375 viventis
1583 1341 1623 1375 in
1639 1341 1703 1377 vit.
1727 1342 1869 1380 Anton.
1894 1355 1969 1389 cap.
1996 1344 2155 1381 87.fine.

207 1422 245 1457 Is
272 1423 376 1459 Nero
402 1424 657 1467 Germanicus,
684 1423 820 1468 inquit,
848 1427 972 1457 nostra
999 1422 1173 1456 memoria
1199 1425 1386 1467 imperans
1419 1423 1640 1468 genetricem
1667 1422 1858 1457 interfecit
1881 1435 1997 1467 suam,
2022 1436 2151 1461 vecor-

204 1502 335 1548 diaque
359 1508 394 1537 et
418 1503 575 1538 amentia
599 1514 712 1547 paene
732 1502 930 1547 imperium
952 1501 1153 1535 Romanum
1178 1502 1329 1537 evertit.
1379 1502 1536 1537 Matrem
1563 1508 1686 1537 autem
1709 1502 1954 1548 Agrippinam
1986 1504 2153 1539 occiden-

206 1582 287 1616 dam
313 1583 456 1617 curavit
487 1583 591 1619 Nero
616 1593 648 1618 a.
676 1583 736 1619 59.
764 1581 823 1616 die
849 1583 908 1618 21.
939 1581 1082 1618 Martii.
1122 1580 1276 1627 Imperii
1301 1581 1360 1617 sui
1382 1593 1413 1618 a.
1442 1581 1579 1625 XIII.,
1603 1581 1667 1618 vel
1693 1581 1757 1618 Ch.
1783 1585 1842 1620 67.
1868 1582 1970 1618 Nero
1993 1583 2152 1620 Graecos

207 1662 347 1696 liberos
376 1663 656 1707 pronuntiavit,
682 1673 787 1706 quam
809 1662 867 1695 sui
900 1662 1077 1706 temporis
1102 1672 1178 1695 rem
1202 1668 1464 1698 commemorat
1483 1653 1702 1697 Plutarchus
1725 1662 1764 1696 in
1792 1662 1838 1706 Q.
1864 1662 2067 1699 Flaminini
2088 1665 2151 1701 vit.

207 1752 282 1786 cap.
312 1741 403 1777 XII.
456 1741 649 1776 Interfecti
674 1740 836 1775 Neronis
860 1746 896 1775 et
919 1742 990 1782 jam
1015 1740 1055 1775 in
1085 1752 1173 1780 orco
1199 1749 1333 1787 poenas
1349 1741 1488 1777 luentis
1502 1741 1670 1778 meminit
1689 1735 1728 1776 in
1752 1740 1851 1778 libro
1875 1742 1919 1778 <le
1935 1754 2019 1779 >sera
2037 1745 2158 1781 numi-⁴

206 1823 265 1856 nis
294 1823 454 1857 vindicta
478 1834 552 1868 cap.
579 1825 636 1858 22.
662 1823 743 1857 fine.

350 1904 616 1948 Vespasianum
642 1902 829 1947 aequalem
854 1901 978 1936 laudat
1003 1902 1042 1936 in
1061 1902 1258 1939 Amatorio
1285 1914 1362 1947 cap.
1390 1902 1540 1938 XXIV.
1565 1901 1596 1949 §.
1621 1905 1655 1939 9.
1681 1909 1717 1938 et
1738 1904 1804 1940 lib.
1834 1905 1877 1940 de
1899 1906 2052 1943 solertia
2073 1910 2153 1943 ani-

208 1982 357 2017 malium
382 1995 458 2029 cap.
480 1983 594 2018 XIX.
620 1982 654 2030 ξ.
684 1986 739 2020 10.
778 1983 836 2018 Ad
857 1983 936 2025 ejus
968 1988 1120 2021 mortem
1157 1982 1387 2019 referendum
1415 1988 1483 2027 est,
1520 1982 1554 2019 si
1580 1982 1800 2021 Plutarchus
1820 1985 1862 2021 de
1887 1998 1967 2023 sera
1990 1989 2153 2026 numinis

208 2064 372 2097 vindicta
402 2076 477 2109 cap.
503 2064 636 2097 XXII.
664 2064 779 2097 dicit:
804 2063 920 2097 bonus
945 2074 1028 2096 cuni
1054 2063 1116 2107 sit,
1142 2064 1270 2098 morbo
1293 2064 1527 2109 tyrannidem
1552 2064 1669 2100 finiet.

352 2144 492 2188 Titum,
518 2144 735 2190 Vespasiani
766 2156 1029 2188 successorem,
1057 2143 1276 2179 Plutarchus
1298 2150 1474 2179 memorat
1491 2119 1538 2179 *in
1555 2146 1758 2192 praeceptis
1781 2146 1824 2181 de
1842 2148 1997 2184 sanitate
2009 2161 2086 2195 cap.
2105 2150 2153 2188 V.

356 2224 581 2268 Domitiani,
597 2237 700 2271 quem
718 2225 829 2261 Titus
855 2237 1099 2261 successorem
1123 2225 1262 2268 habuit,
1283 2227 1454 2263 meminit
1469 2226 1507 2271 in
1523 2232 1706 2272 praecept.
1734 2239 1809 2272 ger.
1827 2231 1919 2275 reip.
1943 2243 2017 2277 cap.
2038 2232 2150 2267 XIX.

209 2303 244 2350 ἓ.
268 2307 302 2341 9.
354 2304 472 2350 Hujus
515 2305 750 2349 imperatoris
789 2305 890 2340 caedi
930 2317 960 2341 a.
999 2306 1064 2342 Ch.
1092 2308 1152 2343 96.
1186 2305 1406 2342 Plutarchus
1440 2306 1513 2343 fuit
1550 2312 1744 2353 superstes.
1804 2309 1908 2354 Quod
1943 2317 2085 2347 constat
2110 2324 2155 2347 ex

212 2380 274 2425 iis,
301 2395 391 2427 qnae
421 2384 459 2419 in
484 2386 683 2421 Amatorio
709 2399 787 2433 cap.
814 2386 943 2421 XXV.
968 2387 1001 2432 ξ.
1021 2389 1077 2424 15.
1095 2394 1237 2432 narrat,
1256 2389 1320 2422 ubi
1345 2390 1388 2423 de
1415 2388 1593 2434 Empona,
1611 2389 1817 2434 (Epponina
1841 2402 1860 2425 a
1893 2390 2027 2425 ceteris
2059 2390 2154 2424 scri-

348 2551 394 2597 19)
445 2554 586 2590 Euseb.
622 2554 761 2590 chron.
794 2551 865 2588 lib.
897 2551 937 2588 ll.
974 2565 1078 2591 num.
1114 2554 1248 2600 2083„
1286 2554 1356 2590 ubi
1388 2553 1591 2592 Neronem
1614 2553 1803 2600 Jsthmia,
1834 2554 1975 2600 Pythia
2002 2560 2075 2592 etc.
2111 2556 2151 2589 in

215 2615 384 2652 Graecia
407 2618 626 2655 celebrasse
653 2624 803 2655 narrat.
831 2639 878 2646 -
