2436 3151
1166 52 1240 101 Ἃ

381 195 574 241 Praeterea
597 193 820 231 Plau-tohu·
851 198 966 231 totam
1003 195 1080 231 fere
1103 194 2170 246 Gnatam-spernigmviuae*complanandae-5⁰)

236 276 332 312 visit
352 280 461 321 atque
485 271 649 308 Athena·
662 272 745 320 ⁵¹),
776 275 843 311 nbi
872 276 950 321 ipse
974 276 1183 312 in.tribum
1205 274 1426 314 Iaeoufflsn
1450 275 1660 322 adscriptus
1677 280 1759 311 erat
1769 275 1840 320 5²),
1872 275 2169 325 Corinthmsq),

234 356 397 391 Eleusini
409 358 482 401 ⁵⁴),
505 354 606 390 Elim
616 356 693 401 ⁵⁵),
715 357 921 402 Aedepeum
936 358 989 399 ⁵⁶)
1009 359 1052 392 iu
1075 357 1239 400 Euboea,
1265 355 1533 405 Thermopylas
1543 356 1609 401 ⁵⁷),
1633 355 1850 402 Tanagram,
1874 357 1941 394 ubi
1964 356 2008 394 do
2032 355 2178 393 filiolae,

234 442 351 471 morte
383 438 526 471 certior
559 435 678 471 factus
712 442 768 472 est
780 438 851 481 ⁵8),
887 436 1043 471 Sunium
1057 439 1130 481 ⁵⁹),
1166 436 1429 482 Thospia-⁶⁰),
1463 436 1679 482 fliampoliu
1691 438 1741 481 61)
1772 436 1814 471 in
1841 436 2085 473 Phooensium
2110 448 2168 472 re-

234 518 352 562 gione.
378 536 425 542 —

1051 802 1207 862 Gap.
1247 801 1352 851 VI.

511 955 783 1008 (Iurando
813 957 881 1004 et
911 967 1035 1016 quo
1065 956 1468 1008 Plutarchus
1496 955 1908 1008 inclaruerit.

371 1081 476 1148 Ex
506 1114 695 1150 Ammonii
720 1114 845 1149 schola
870 1115 939 1149 vix
969 1127 1142 1150 reversus
1168 1115 1390 1151 Plutarchus
1414 1118 1483 1158 jam
1508 1116 1548 1150 in
1578 1114 1700 1162 patria
1719 1113 1848 1149 floruit
1874 1117 1911 1147 et
1933 1110 2048 1146 animi
2069 1122 2168 1145 men-

230 1194 355 1239 tisque
383 1192 507 1229 indole
530 1206 695 1241 magnam
731 1195 861 1231 habuit
895 1195 1199 1242 admirationem,
1236 1210 1317 1232 cum
1350 1197 1464 1233 adhuc
1497 1196 1644 1238 iuvenis
1677 1193 1939 1241 gravissimum
1974 1191 2171 1238 legationis

229 1285 361 1309 munus
386 1274 676 1311 administraret.
729 1275 800 1312 Sed
826 1281 945 1312 tamen
981 1281 1081 1313 errat
1107 1276 1357 1325 Hieronymus
1391 1277 1431 1312 in
1467 1275 1644 1313 chronico
1669 1273 1875 1311 Eusebiano
1909 1265 2059 1319 dicens,
2094 1271 2172 1309 Ne-

231 1355 335 1390 ronis
360 1356 594 1401 imperatoris
626 1368 724 1393 anno
753 1358 810 1393 14.
842 1357 906 1392 vel
934 1356 999 1391 Ch.
1032 1358 1090 1394 68.
1128 1356 1367 1392 Plutarchum
1398 1356 1582 1403 insignem
1611 1356 1737 1394 fuisse.
1787 1356 1867 1402 Q'ua
1900 1355 1998 1391 enim
2029 1354 2173 1390 ratione

230 1435 451 1471 Plutarchus
476 1437 618 1472 demum
637 1448 754 1473 annos
770 1439 815 1475 18
838 1442 945 1472 natus
967 1437 1038 1478 iam
1064 1442 1142 1472 t-um
1163 1437 1264 1472 inter
1286 1437 1393 1472 viros
1418 1436 1586 1473 literatos
1610 1439 1687 1472 tota
1702 1436 1857 1473 Graecia
1883 1441 1919 1471 et
1934 1434 2046 1470 Italia
2062 1440 2171 1469 notus

230 1528 308 1552 esse
330 1515 481 1563 potnit?
530 1518 576 1552 In
602 1519 829 1553 contrarium
852 1528 944 1552 vero
971 1527 1132 1552 errorem
1169 1517 1305 1553 incidit
1338 1517 1434 1553 idem
1458 1517 1732 1564 Hieronymus,
1766 1516 1801 1552 si
1833 1514 1908 1552 alio
1932 1514 2016 1552 loco
2040 1515 2170 1561 tradit,

234 1596 472 1631 Plutarchum
497 1597 595 1631 circa
627 1598 761 1632 annum
787 1597 852 1632 ch.
878 1599 957 1634 119.
981 1597 1173 1641 floruisse,
1211 1608 1285 1643 quo
1312 1601 1473 1644 tempore
1503 1599 1574 1641 jam
1608 1596 1817 1634 diutissime
1846 1595 2038 1631 maximam
2073 1605 2170 1631 asse-

233 1682 340 1712 cutus
364 1683 441 1712 erat
465 1677 636 1722 gloriam.
665 1678 715 1712 Ut
738 1677 805 1712 sub
830 1677 979 1712 Nerone
1003 1676 1170 1721 nullum,
1209 1677 1261 1711 ita
1289 1677 1357 1712 sub
1381 1677 1607 1723 Vespasiano
1641 1674 1760 1712 ullum
1782 1675 1911 1711 habuit
1936 1686 2095 1719 nomen3
2136 1681 2173 1711 et

362 1820 413 1864 ⁵⁰)
463 1821 511 1856 cf.
541 1820 641 1855 Plut.
662 1820 824 1867 Quaest.
850 1831 966 1856 conv.
994 1818 1037 1856 V.
1064 1822 1112 1865 23
1136 1819 1230 1858 VII.
1258 1823 1301 1866 13
1331 1820 1379 1857 de
1408 1821 1455 1856 Ei
1480 1820 1621 1868 Delph.
1650 1822 1683 1856 1.

362 1884 411 1928 ⁵¹)
462 1884 513 1920 cf.
538 1883 640 1919 Plut.
662 1886 734 1921 vit.
766 1885 969 1922 Demosth.
993 1898 1025 1922 c.
1051 1886 1122 1932 313
1159 1886 1319 1935 Quaest-
1357 1897 1470 1924 conv.
1498 1884 1531 1923 1.
1560 1889 1597 1932 1,
1624 1887 1692 1931 103
1718 1884 1775 1931 11,
1799 1886 1844 1932 ὃς
1867 1884 1942 1921 111.
1972 1887 2016 1931 13
2045 1885 2096 1923 V.
2124 1887 2173 1933 13

234 1946 326 1984 VII.
351 1950 395 1993 93
419 1946 530 1984 vm.
557 1950 601 1993 33
623 1947 694 1985 IX.
730 1969 778 1975 -

366 2014 417 2055 ⁵²)
467 2015 517 2049 cf.
548 2015 708 2061 Quaeat.
728 2026 843 2051 conv·
869 2013 900 2051 1.
928 2017 987 2061 10,
1016 2019 1057 2061 1;
1084 2036 1131 2045 -—

367 2078 420 2121 ⁵³)
470 2077 567 2114 ibid.
598 2080 648 2114 V.
674 2081 718 2125 33
741 2077 853 2115 VIII.
876 2080 921 2124 43
946 2100 991 2108 —

366 2141 417 2185 ⁵⁴)
468 2141 565 2178 ibid.
589 2141 641 2177 11.
668 2146 710 2185 23
741 2163 787 2171 -—

369 2208 421 2249 ⁵⁵)
470 2206 566 2243 ibid.
593 2206 663 2244 lv.
688 2211 734 2253 23

364 2270 416 2317 ⁵⁶)
468 2270 562 2308 ibid.
591 2269 663 2309 lv.
691 2273 740 2318 [ις
762 2292 811 2301 -

365 2337 417 2378 ⁵⁷)
468 2336 563 2371 ibid.
587 2335 698 2372 v111.
725 2338 791 2382 103
817 2354 865 2360 —

368 2402 419 2444 58)
467 2413 507 2437 v.
536 2403 686 2438 consol.
711 2401 761 2437 ad
783 2412 953 2437 uxorem
978 2413 1058 2447 cap.
1086 2404 1118 2438 1.
1136 2421 1185 2429 —-

369 2464 417 2509 ⁵⁹)
469 2465 629 2514 Quaest.
654 2475 770 2502 conv.
797 2462 870 2500 111.
903 2465 971 2509 103
994 2484 1040 2491 —

374 2531 423 2573 ⁶⁰)
469 2542 509 2568 v.
542 2534 720 2567 Amator.
744 2534 780 2567 2.
801 2551 851 2558 —

374 2595 423 2637 ⁶¹)
473 2596 630 2642 Quaest.
657 2605 771 2632 conv.
797 2593 867 2631 IV.
893 2596 934 2640 13
962 2611 1010 2620 -
