2436 3151
1175 78 1240 130 la

245 231 341 263 nnt-
354 228 391 263 et
408 223 632 269 done-tide,
652 224 718 260 sed
739 236 786 261 ex
808 223 939 261 multis
958 220 1339 259 externis-etdiffusa
1366 219 1523 258 lectione
1545 221 1759 267 collectam3
1794 222 1857 259 hie
1875 222 2042 269 proiecto
2067 235 2171 270 prae-

245 307 350 353 cipue
363 307 530 353 requini.
537 305 717 351 insignem
736 306 942 349 civitate-1,
959 302 1164 349 elegantem
1181 306 1217 337 et
1232 300 1458 348 populosam,
1480 314 1555 350 qno
1571 302 1765 340 variorum
1777 303 1958 338 librorum
1972 310 2174 352 promptam

244 385 561 431 habenhcoQiinm,
586 390 623 420 et
645 387 961 431 qnae-criptum
982 383 1254 429 praeterierunt
1276 382 1452 418 audiendo
1475 383 1658 430 percipiat
1681 390 2008 431 percunctetnrqne
2033 385 2174 431 sedulo,

243 480 290 504 ne
304 477 404 513 opus
427 464 510 501 edat
531 476 749 514 perpetum,
775 463 905 500 multi·
929 468 966 499 et
989 463 1209 500 necessariis
1228 463 1338 500 rebus
1359 465 1516 501 omissis.

382 584 441 636 Er
460 600 569 635 Italia
599 611 774 646 reversus
795 600 1002 647 Aegyptum
1038 600 1207 646 attigisse
1239 600 1388 636 videtur
1414 600 1659 645 Plutarchus,
1691 599 1755 634 ubi
1779 598 1990 645 aliquandiu
2013 606 2176 636 moratus

240 664 474 719 subtiliorem
505 680 771 728 Aegyptiarum
796 693 941 728 rerum,
972 673 1188 727 sacrorum,
1224 682 1371 717 deorum
1397 682 1608 727 rituumque
1635 681 1885 726 cognitionem
1910 681 1982 715 sibi
2008 684 2172 730 paravit,

241 773 347 809 quam
362 759 549 796 uberrime
567 760 606 794 in
622 759 720 796 libro
734 761 775 797 de
795 760 894 797 Iside
911 761 1102 799 etOsiride
1117 764 1299 808 exposuit.
1326 761 1587 797 Alexandriam
1602 759 1747 806 quidem
1760 772 1798 794 se
1809 760 1959 805 visisse,
1977 773 2065 806 quae
2085 763 2174 797 urbs

242 842 292 877 iis
316 841 430 877 adhuc
456 841 683 886 temporibus
702 841 890 876 Musarum
914 841 1015 883 sedes
1041 831 1242 877 habebatur
1263 847 1338 877 eta
1364 841 1489 876 multis
1518 840 1711 875 literarum
1735 853 1839 875 causa
1861 840 2172 887 frequentabatur,

240 922 317 968 ipse
342 920 494 966 dicit49)
518 926 554 955 et
579 920 736 956 laetatur
759 921 802 956 de
827 921 1029 957 honoribus
1054 933 1205 959 reverso
1238 922 1312 958 sibi
1340 922 1381 958 ab
1407 920 1538 959 amicis
1563 919 1741 965 tributis,
1775 920 1815 955 in
1841 932 1995 967 quorum
2021 934 2173 960 numero

240 1003 396 1037 maxima
422 1005 458 1035 et
478 993 937 1047 splendidissima³fi1erint
962 1001 1151 1039 convivia.

380 1121 426 1157 In
454 1121 582 1157 Asiam
614 1133 759 1171 quoqne
784 1124 1058 1170 peregrinatum
1086 1135 1163 1159 esse
1186 1123 1426 1159 Plutarchum
1464 1134 1538 1158 non
1577 1120 1820 1167 improbabile
1850 1122 1958 1157 nobis
1994 1123 2178 1165 videatur,

238 1200 555 1237 considerantibus
580 1213 619 1237 ea
644 1215 734 1249 quae
759 1203 799 1238 in
814 1203 977 1249 Quaest.,
1002 1203 1163 1239 animine
1188 1215 1233 1239 an
1256 1202 1424 1249 corporis
1450 1201 1658 1237 affectiones
1674 1202 1752 1238 sint
1772 1204 1916 1248 pejores
1943 1214 1974 1239 c.
1996 1203 2029 1239 4.
2057 1202 2173 1238 dixit:

246 1282 345 1326 Quid
370 1282 523 1327 attinet,
559 1282 706 1329 inquit,
740 1284 869 1321 varios
895 1285 1009 1320 animi
1035 1285 1185 1321 morbos
1209 1294 1391 1320 enarrare.
1439 1282 1521 1318 Jam
1546 1283 1636 1317 satis
1660 1282 1704 1318 de
1733 1295 1773 1317 ea
1799 1295 1839 1318 re
1863 1284 1990 1318 haecce
2014 1288 2176 1328 tempora

243 1373 311 1397 nos
335 1361 538 1397 admonent.
577 1362 715 1398 Videas
740 1364 836 1399 enim
858 1365 1041 1411 ingentem
1062 1365 1169 1399 istam
1196 1375 1238 1398 ac
1253 1363 1500 1409 promiscuam
1525 1362 1717 1400 hominum
1736 1362 1877 1397 turbam
1897 1363 1968 1398 huc
1992 1363 2031 1398 in
2056 1364 2176 1398 forum

245 1448 280 1476 et
304 1443 348 1477 ad
374 1442 538 1477 tribunal
562 1444 810 1481 confluentem.
859 1445 933 1490 Qui
958 1446 1102 1492 quidem
1129 1456 1204 1480 non
1226 1443 1473 1488 conveniunt,
1503 1448 1544 1478 ut
1569 1443 1644 1477 diis
1670 1444 1804 1488 patriis
1829 1455 1931 1478 sacra
1955 1444 2110 1487 faciant,
2136 1451 2177 1479 ut

244 1522 337 1558 Jovi
359 1522 520 1557 Ascraeo
549 1521 693 1566 frugum
717 1522 917 1569 Lydiamm
956 1526 1143 1571 primitias
1181 1524 1410 1568 devoveant,
1444 1523 1507 1557 sed
1540 1528 1640 1568 peste
1671 1523 1775 1568 quasi
1810 1523 1943 1558 litibus
1980 1523 2173 1569 impliciti,

244 1602 360 1637 totius
386 1601 500 1638 Asiae
521 1601 662 1638 incolae
698 1603 737 1638 in
772 1603 867 1640 hunc
892 1604 1016 1642 locum
1042 1604 1262 1649 convolant,
1296 1609 1338 1639 nt
1368 1602 1504 1646 judicia
1526 1607 1561 1638 et
1586 1603 1837 1638 contentiones
1853 1629 1865 1647 ,
1898 1603 2030 1649 quibus
2055 1610 2175 1639 certus

244 1688 300 1718 est
323 1682 401 1719 dies
426 1681 672 1727 constitutus,
696 1690 882 1729 peragant.
933 1685 1034 1730 Quae
1058 1689 1288 1730 negotiorum
1310 1689 1346 1719 et
1369 1694 1555 1718 causarum
1580 1682 1683 1728 copia
1705 1682 1745 1717 in
1768 1682 1863 1728 hunc
1888 1684 2036 1719 unicum
2056 1684 2177 1719 forum

243 1762 437 1797 confertim
461 1761 596 1797 incidit
609 1764 617 1796 Σ

385 1881 476 1917 Cum
501 1881 615 1918 Asiae
637 1887 674 1917 et
693 1881 833 1928 Lydiae
852 1883 1039 1933 primitiae
1060 1888 1327 1927 memorentur,
1353 1882 1480 1918 haecce
1501 1882 1613 1916 verba
1638 1881 1682 1916 ad
1700 1882 1832 1917 Sardes
1853 1888 2039 1928 spectant,
2066 1890 2171 1929 caput

241 1927 337 1996 illud
364 1961 503 2007 Lydiae
524 1962 734 2007 antiquum,
760 1966 799 1998 in
826 1975 896 2009 quo
922 1964 1113 2002 Plutarchi
1136 1962 1360 2008 temporibus
1386 1962 1538 1996 Romani
1560 1967 1750 2007 praetores
1774 1961 1986 1997 habitabant
2009 1969 2045 1998 et
2061 1964 2170 1998 Asia-

240 2053 371 2079 norum
396 2042 669 2078 controversias
695 2042 927 2083 dirimebant.
980 2044 1059 2091 Qua
1083 2044 1122 2079 in
1147 2043 1238 2079 urbe
1262 2042 1480 2079 Plutarchus
1505 2042 1602 2078 hunc
1627 2041 1764 2078 librum
1788 2043 1981 2090 scripsisse
2004 2044 2168 2090 videtur,

240 2122 393 2157 fortasse
407 2122 533 2158 insana
556 2122 623 2157 illa
644 2128 679 2158 et
693 2124 899 2160 truculenta
924 2126 1031 2174 turba
1052 2129 1272 2169 commotus,
1296 2134 1399 2169 quam
1419 2122 1545 2158 litium
1561 2134 1664 2158 causa
1693 2123 1733 2158 in
1754 2123 1872 2158 forum
1891 2130 2168 2160 concurrentem

241 2200 439 2245 conspexit.
474 2202 535 2238 Ibi
557 2216 699 2260 qnoque
720 2178 994 2243 Μεῃεωεὲεἲῖιῃ
1018 2205 1126 2242 illum
1142 2204 1317 2250 cognovit
1330 2229 1340 2247 ,
1367 2204 1538 2245 juvenem
1553 2216 1593 2238 ac
1610 2204 1765 2241 divitem
1789 2204 1906 2239 civem
1922 2204 2166 2249 Sardiensem,

241 2281 301 2316 cui
323 2287 512 2327 praecepta
549 2284 773 2330 reipublicae
798 2287 974 2332 gerendae
999 2288 1214 2331 inscripsit,
1254 2289 1290 2320 et
1313 2283 1424 2318 alium
1452 2284 1707 2329 Sardiensem,
1744 2284 1787 2319 ad
1813 2296 1919 2330 quem
1951 2285 2088 2320 librum
2121 2287 2165 2321 de

241 2360 356 2398 exilio
379 2362 493 2399 misit.
514 2381 563 2389 -

367 2558 417 2603 ⁴⁹)
443 2561 484 2595 in
512 2560 670 2607 Quaest.
694 2568 810 2594 conv.
832 2556 878 2594 V.
905 2560 940 2594 5.
970 2561 1004 2595 1.
1030 2556 1064 2604 ἕ.
1090 2561 1122 2594 1.
1170 2553 1239 2601 »ἃς
1270 2554 1434 2590 ἐποιεῖτο
1467 2557 1544 2590 τῶν
1569 2555 1688 2601 φίλων
1725 2554 1885 2597 ἕκαστος
1912 2556 2050 2594 ἑστιῶν
2074 2561 2162 2604 ἡμᾶς

238 2620 396 2664 ἥκοντας
422 2622 501 2658 ἀπὸ
523 2624 591 2665 τῆς
615 2621 926 2670 ’Δλεξανδρείας.“
944 2641 993 2647 -—

1634 2688 1685 2725 3*
